2384 3992
541 71 665 142 558
1137 75 1569 144 'APPENDIX

793 257 1358 349 PAULUS
1465 263 1639 346 PP.
1732 257 2037 350 IIL‘

954 466 1008 514 V
1007 465 1121 514 EN
1120 465 1366 514 ERABI
1366 467 1451 514 LI
1490 467 1792 517 FRATRI

714 635 1004 694 JOANNI
1041 635 1418 696 EPISCOPO
1460 635 1984 694 PAMPILONEN.

463 787 470 792 ,
576 801 948 867 *Venerabilis
991 798 1246 884 Frater}
1282 809 1536 866 salutem
1560 855 1577 884 ,
1626 821 1685 867 et
1718 763 2133 886 Apostolicam

1104 885 1609 944 Benedictionem.

541 959 925 1098 Cm’mlvnzs
951 1037 1285 1100 commodis
1330 1040 1453 1098 tuis
1475 1083 1492 1112 ,
1544 1036 1652 1116 qui
1700 1035 1959 1097 diversis
1988 1034 2166 1096 infir·

531 1113 850 1172 mitatibus
901 1117 1182 1193 podagrae
1228 1116 1511 1175 detentus
1542 1159 1559 1185 ,
1615 1112 1841 1190 quibus
1892 1113 2024 1172 fere
2084 1113 2168 1173 ad

532 1190 956 1252 membrorum
984 1191 1435 1253 invaliditatem
1462 1191 1743 1250 redactus
1770 1207 1833 1246 es
1858 1232 1875 1261 ,
1922 1189 2167 1249 Limina

533 1266 966 1342 Apostolorum
998 1273 1161 1329 Petri
1193 1278 1256 1327 et
1280 1266 1447 1328 Pauli
1472 1269 1721 1328 visitare
1756 1263 2168 1341 personaliter

534 1341 612 1400 de
637 1344 904 1404 triennio
943 1347 1006 1406 in
1043 1347 1383 1406 triennium
1429 1343 1782 1415 commode,
1809 1350 1880 1400 ut
1903 1345 2164 1418 jurasti,

533 1437 660 1478 non
698 1419 862 1481 vales
881 1468 897 1494 ‚
932 1423 1294 1499 providere,
1328 1421 1448 1481 tuis
1480 1422 1543 1478 in
1573 1419 1686 1478 hac
1717 1428 1895 1494 parte
1926 1417 2160 1496 suppli-

527 1497 872 1557 cationibus
897 1499 1179 1579 inclinati
1195 1543 1211 1570 ,
1252 1499 1367 1562 tibi
1387 1543 1405 1570 ,
1440 1507 1511 1572 ut
1530 1541 1546 1567 ,
1570 1507 1679 1556 tua
1699 1498 1827 1556 vita
1853 1494 2121 1554 durante
2142 1538 2161 1566 ‚

527 1591 642 1646 per
665 1577 1130 1636 Procuratorem
1160 1588 1335 1636 tuum
1364 1573 1443 1632 ad
1467 1572 1599 1630 'hoc
1642 1593 1677 1630 a
1714 1583 1776 1631 te
1812 1571 2161 1647 specialiter

527 1651 932 1712 constitutum
995 1654 1159 1712 dicta
1215 1652 1450 1711 Limina
1524 1649 1835 1712 visitando
1866 1693 1883 1721 ‚
1946 1648 2023 1707 ad
2083 1669 2161 1707 ea
2222 1675 2235 1681 ·

531 1723 714 1787 aliter
751 1729 1124 1790 visitandum
1169 1727 1419 1787 minime
1462 1729 1727 1785 tenearis
1754 1770 1771 1798 ‚
1826 1745 1937 1784 nec
1974 1723 2051 1783 ad
2090 1725 2158 1784 id
2212 1748 2232 1760 ·

527 1803 762 1862 invitus
811 1827 846 1864 a
889 1824 1201 1884 quoquam
1250 1801 1530 1878 compelli
1591 1804 1780 1878 possis
1823 1821 1839 1860 :
1884 1821 1955 1860 ac
2000 1799 2155 1873 tibi,

527 1879 637 1952 qui
727 1892 937 1956 ropter
981 1883 1407 1950 infirmitatem
1460 1881 1811 1956 praedietam
1842 1921 1859 1948 ,
1910 1879 2155 1936 Missam

525 1962 660 2011 stan
711 1975 748 2016 o
781 1956 1088 2022 celebrare
1120 1979 1245 2019 non
1286 1955 1449 2018 vales
1476 2001 1492 2028 ,
1532 1967 1593 2017 et
1640 1953 1769 2013 zelo
1809 1953 2158 2012 devotionis

525 2047 812 2090 accensus
853 2035 1092 2092 Missam
1124 2033 1434 2092 celebrare
1461 2033 1801 2099 desideras,
1853 2028 1969 2086 tibi
1998 2073 2015 2099 ,
2078 2040 2155 2089 ut
2259 2054 2269 2062 ⁸

523 2103 792 2164 sedendo
830 2107 1190 2182 in.quodam
1224 2110 1487 2166 artificio
1524 2109 1681 2167 sedis
1711 2125 1820 2182 per
1852 2114 1914 2162 te
1948 2104 2111 2163 facto
2132 2153 2151 2179 ‚

523 2181 591 2238 in
649 2201 772 2256 quo
835 2183 1100 2242 sedendo
1159 2195 1335 2246 stare·
1372 2185 1683 2255 videaris,
1748 2182 1985 2257 quoties
2033 2181 2153 2240 tibi

521 2255 875 2331 placuerit,
933 2261 1174 2318 Missam
1234 2258 1545 2318 celebrare
1582 2303 1599 2330 ,
1656 2257 2151 2320 benedictionem

523 2331 770 2408 elargiri
796 2379 812 2406 ,
849 2345 912 2394 et
936 2333 1054 2393 alia
1076 2380 1092 2409 ‚
1135 2355 1269 2410 quae
1296 2334 1373 2394 ad
1402 2333 1815 2411 Episcopalem
1848 2332 2150 2392 Ordinem

519 2415 837 2484 pertinent
871 2453 887 2482 ,
938 2413 1128 2471 etiam
1163 2411 1432 2471 sedendo
1477 2432 1801 2486 exercere3
1848 2419 1909 2468 et
1950 2413 2149 2468 Horas

521 2489 864 2546 Canonicas
893 2532 908 2558 ,
957 2486 1244 2561 diurnas,
1286 2499 1347 2546 et
1380 2499 1738 2558 nocturnaS,
1781 2506 1919 2544 cum
1971 2504 2095 2544 uno
2126 2531 2146 2558 ‚

518 2561 618 2622 vel
669 2563 911 2623 duobus
940 2563 1287 2642 Capellanis
1326 2571 1495 2639 juxta
1538 2563 1817 2622 ordinem
1854 2567 2147 2621 Romanae

519 2640 721 2696 Curiae
779 2660 891 2714 per
941 2640 1194 2701 dilectos
1245 2639 1398 2700 filios
1436 2639 1697 2699 'nostros
1754 2635 2149 2698 Cardinalem

515 2709 753 2773 Sanctae
790 2719 1037 2790 Crucis,
1077 2716 1178 2778 vel
1205 2716 1354 2775 alios
1386 2717 1725 2792 antiquitus
1751 2715 2099 2772 institutum
2126 2759 2144 2786 ,

515 2799 704 2860 prout
745 2790 858 2849 tibi
896 2792 1195 2866 placuerit
1219 2838 1237 2867 ,
1284 2791 1475 2851 libere
1504 2803 1565 2850 et
1590 2792 1755 2850 licite
1796 2791 2031 2862 dicere,
2070 2810 2149 2848 ae

517 2863 757 2923 easdem
813 2872 1005 2928 Horas
1053 2880 1463 2945 anteponere,
1508 2879 1569 2927 et
1616 2877 2026 2943 postponere,
2078 2877 2150 2926 et

517 2938 890 3001 cumulative
913 2947 1096 3004 unico
1123 2953 1409 3004 eonte'xtu
1436 2947 1691 3004 recitare
1708 2946 1839 3002 sine
1852 2941 2149 3016 scrupulo

515 3018 896 3092 eonscientiae
949 3019 1140 3078 libere
1188 3031 1251 3078 et
1303 3019 1465 3080 licite
1523 3021 1712 3095 possis
1770 3030 1833 3078 et
1886 3017 2091 3078 valeas
2128 3065 2147 3091 ,

514 3099 731 3150 tenore
778 3098 1168 3166 praesentium
1217 3094 1295 3154 de
1336 3096 1581 3171 speciali
1621 3096 1817 3171 gratia
1859 3093 2146 3169 indulge-

513 3185 692 3238 muS,
750 3171 996 3241 proviso
1043 3171 1262 3246 :quod
1321 3175 1613 3234 Divinum
1674 3172 2149 3231 Sacramentum

513 3237 720 3301 debita
746 3263 886 3304 cum
915 3250 1259 3309 reverentia
1300 3259 1633 3326 tractetur,
1680 3259 1743 3307 et
1781 3244 2149 3306 scandalum

514 3335 638 3377 non
669 3333 1005 3403 sequatur3
1047 3335 1151 3402 et,
1192 3327 1243 3386 si
1278 3323 1689 3386 celebratione
1722 3336 1828 3384 tua
1868 3323 1933 3382 in
1986 3325 2147 3384 a1ti-

1045 3433 1072 3457 ἱ
