<?xml version="1.0" encoding="UTF-8"?>
<!DOCTYPE html PUBLIC "-//W3C//DTD XHTML 1.0 Transitional//EN"
    "http://www.w3.org/TR/xhtml1/DTD/xhtml1-transitional.dtd">
<html xmlns="http://www.w3.org/1999/xhtml" xml:lang="en" lang="en">
 <head>
  <title>
</title>
<meta http-equiv="Content-Type" content="text/html;charset=utf-8" />
  <meta name='ocr-system' content='tesseract 3.04.00' />
  <meta name='ocr-capabilities' content='ocr_page ocr_carea ocr_par ocr_line ocrx_word'/>
</head>
<body>
  <div class='ocr_page' id='page_1' title='image "benedictipapaex00xivgoog_0324.png"; bbox 0 0 2384 3992; ppageno 0'>
   <div class='ocr_carea' id='block_1_1' title="bbox 546 159 1553 232">
    <p class='ocr_par' dir='ltr' id='par_1_1' title="bbox 546 159 1553 232">
     <span class='ocr_line' id='line_1_1' title="bbox 546 159 1553 232; baseline 0 -4"><span class='ocrx_word' id='word_1_1' title='bbox 546 161 668 232; x_wconf 76' lang='lat'>512</span> <span class='ocrx_word' id='word_1_2' title='bbox 1127 159 1553 229; x_wconf 72' lang='lat' dir='ltr'><em>&#39;APPENDIX</em></span> 
     </span>
    </p>
   </div>
   <div class='ocr_carea' id='block_1_2' title="bbox 550 267 2267 1180">
    <p class='ocr_par' dir='ltr' id='par_1_2' title="bbox 550 267 2267 1180">
     <span class='ocr_line' id='line_1_2' title="bbox 550 267 2189 344; baseline 0.001 -18"><span class='ocrx_word' id='word_1_3' title='bbox 550 269 976 326; x_wconf 83' lang='lat' dir='ltr'>minutissimas</span> <span class='ocrx_word' id='word_1_4' title='bbox 1013 280 1338 344; x_wconf 86' lang='lat' dir='ltr'>spectantes</span> <span class='ocrx_word' id='word_1_5' title='bbox 1383 268 1469 325; x_wconf 90' lang='lat' dir='ltr'>ad</span> <span class='ocrx_word' id='word_1_6' title='bbox 1506 269 1684 324; x_wconf 74' lang='lat' dir='ltr'>ritum</span> <span class='ocrx_word' id='word_1_7' title='bbox 1718 267 2189 328; x_wconf 83' lang='lat' dir='ltr'>administrandi</span> 
     </span>
     <span class='ocr_line' id='line_1_3' title="bbox 553 343 2267 407; baseline 0.002 -4"><span class='ocrx_word' id='word_1_8' title='bbox 553 347 937 403; x_wconf 74' lang='lat' dir='ltr'><strong><em>Sacramenta</em></strong></span> <span class='ocrx_word' id='word_1_9' title='bbox 976 387 988 406; x_wconf 90' lang='lat'><em>.</em></span> <span class='ocrx_word' id='word_1_10' title='bbox 1053 355 1111 400; x_wconf 87' lang='lat' dir='ltr'>et</span> <span class='ocrx_word' id='word_1_11' title='bbox 1166 345 1385 400; x_wconf 63' lang='lat' dir='ltr'>fflissoe</span> <span class='ocrx_word' id='word_1_12' title='bbox 1444 343 1809 401; x_wconf 80' lang='lat' dir='ltr'>celebmndae</span> <span class='ocrx_word' id='word_1_13' title='bbox 1852 368 1871 400; x_wconf 87' lang='lat'>.·</span> <span class='ocrx_word' id='word_1_14' title='bbox 1931 358 1996 405; x_wconf 87' lang='lat' dir='ltr'>et</span> <span class='ocrx_word' id='word_1_15' title='bbox 2048 348 2187 407; x_wconf 89' lang='lat' dir='ltr'>ideo</span> <span class='ocrx_word' id='word_1_16' title='bbox 2248 355 2267 366; x_wconf 82' lang='lat'><em>⁰</em></span> 
     </span>
     <span class='ocr_line' id='line_1_4' title="bbox 557 419 2187 496; baseline 0.001 -16"><span class='ocrx_word' id='word_1_17' title='bbox 557 431 803 496; x_wconf 83' lang='lat' dir='ltr'><strong>oportet</strong></span> <span class='ocrx_word' id='word_1_18' title='bbox 849 423 913 480; x_wconf 88' lang='lat' dir='ltr'>in</span> <span class='ocrx_word' id='word_1_19' title='bbox 965 420 1059 482; x_wconf 85' lang='lat' dir='ltr'>bis</span> <span class='ocrx_word' id='word_1_20' title='bbox 1120 419 1456 490; x_wconf 46' lang='lat' dir='ltr'>omnibus,</span> <span class='ocrx_word' id='word_1_21' title='bbox 1514 421 1698 478; x_wconf 86' lang='lat' dir='ltr'>etiam</span> <span class='ocrx_word' id='word_1_22' title='bbox 1760 421 2187 482; x_wconf 82' lang='lat' dir='ltr'>minutissimis</span> 
     </span>
     <span class='ocr_line' id='line_1_5' title="bbox 562 493 2185 558; baseline -0.005 -2"><span class='ocrx_word' id='word_1_23' title='bbox 562 508 799 556; x_wconf 82' lang='lat' dir='ltr'>certum</span> <span class='ocrx_word' id='word_1_24' title='bbox 843 496 1123 556; x_wconf 83' lang='lat' dir='ltr'>ordinem</span> <span class='ocrx_word' id='word_1_25' title='bbox 1161 495 1240 554; x_wconf 80' lang='lat' dir='ltr'>ab</span> <span class='ocrx_word' id='word_1_26' title='bbox 1264 493 1524 554; x_wconf 85' lang='lat' dir='ltr'>Ecclesia</span> <span class='ocrx_word' id='word_1_27' title='bbox 1563 499 1855 556; x_wconf 85' lang='lat' dir='ltr'>constitui</span> <span class='ocrx_word' id='word_1_28' title='bbox 1886 519 1901 556; x_wconf 77' lang='grc' dir='ltr'><strong><em>ε</em></strong></span> <span class='ocrx_word' id='word_1_29' title='bbox 1933 501 1986 554; x_wconf 81' lang='lat' dir='ltr'>si</span> <span class='ocrx_word' id='word_1_30' title='bbox 2012 519 2185 558; x_wconf 83' lang='lat' dir='ltr'>nam-</span> 
     </span>
     <span class='ocr_line' id='line_1_6' title="bbox 563 569 2187 662; baseline -0.001 -34"><span class='ocrx_word' id='word_1_31' title='bbox 563 593 674 662; x_wconf 79' lang='lat' dir='ltr'>que</span> <span class='ocrx_word' id='word_1_32' title='bbox 704 577 986 650; x_wconf 80' lang='lat' dir='ltr'>cujusque</span> <span class='ocrx_word' id='word_1_33' title='bbox 1005 571 1315 628; x_wconf 81' lang='lat' dir='ltr'>arbitratui</span> <span class='ocrx_word' id='word_1_34' title='bbox 1340 569 1407 625; x_wconf 83' lang='lat' dir='ltr'>id</span> <span class='ocrx_word' id='word_1_35' title='bbox 1416 569 1639 646; x_wconf 75' lang='lat' dir='ltr'>ficisset</span> <span class='ocrx_word' id='word_1_36' title='bbox 1662 573 1926 628; x_wconf 80' lang='lat' dir='ltr'>relictum</span> <span class='ocrx_word' id='word_1_37' title='bbox 1944 619 1960 642; x_wconf 84' lang='lat'><strong>,</strong></span> <span class='ocrx_word' id='word_1_38' title='bbox 1985 573 2187 634; x_wconf 82' lang='lat' dir='ltr'>multa</span> 
     </span>
     <span class='ocr_line' id='line_1_7' title="bbox 563 645 2193 726; baseline -0.001 -20"><span class='ocrx_word' id='word_1_39' title='bbox 563 649 849 708; x_wconf 86' lang='lat' dir='ltr'>mdecore</span> <span class='ocrx_word' id='word_1_40' title='bbox 878 691 894 718; x_wconf 93' lang='lat'><strong><em>,</em></strong></span> <span class='ocrx_word' id='word_1_41' title='bbox 943 658 1007 705; x_wconf 90' lang='lat' dir='ltr'>et</span> <span class='ocrx_word' id='word_1_42' title='bbox 1048 646 1472 722; x_wconf 84' lang='lat' dir='ltr'>imprudenter</span> <span class='ocrx_word' id='word_1_43' title='bbox 1511 645 1729 706; x_wconf 86' lang='lat' dir='ltr'>fierent</span> <span class='ocrx_word' id='word_1_44' title='bbox 1766 670 1783 706; x_wconf 72' lang='grc' dir='ltr'><strong><em>ε</em></strong></span> <span class='ocrx_word' id='word_1_45' title='bbox 1829 648 1980 724; x_wconf 83' lang='lat' dir='ltr'>quid</span> <span class='ocrx_word' id='word_1_46' title='bbox 2031 649 2193 726; x_wconf 83' lang='lat' dir='ltr'>quod</span> 
     </span>
     <span class='ocr_line' id='line_1_8' title="bbox 563 723 2190 780; baseline 0.001 -2"><span class='ocrx_word' id='word_1_47' title='bbox 563 724 771 780; x_wconf 87' lang='lat' dir='ltr'>eadem</span> <span class='ocrx_word' id='word_1_48' title='bbox 815 723 1004 779; x_wconf 87' lang='lat' dir='ltr'>omnis</span> <span class='ocrx_word' id='word_1_49' title='bbox 1041 724 1259 777; x_wconf 89' lang='lat' dir='ltr'>rituum</span> <span class='ocrx_word' id='word_1_50' title='bbox 1298 724 1443 777; x_wconf 85' lang='lat' dir='ltr'>ratio</span> <span class='ocrx_word' id='word_1_51' title='bbox 1484 733 1540 776; x_wconf 89' lang='lat' dir='ltr'>et</span> <span class='ocrx_word' id='word_1_52' title='bbox 1580 723 1870 779; x_wconf 81' lang='lat' dir='ltr'>Ecclesioe</span> <span class='ocrx_word' id='word_1_53' title='bbox 1898 725 2190 780; x_wconf 83' lang='lat' dir='ltr'>unitatem</span> 
     </span>
     <span class='ocr_line' id='line_1_9' title="bbox 561 798 2189 871; baseline -0.001 -15"><span class='ocrx_word' id='word_1_54' title='bbox 561 798 925 856; x_wconf 87' lang='lat' dir='ltr'>commendet</span> <span class='ocrx_word' id='word_1_55' title='bbox 949 843 967 871; x_wconf 88' lang='lat'><strong>‚</strong></span> <span class='ocrx_word' id='word_1_56' title='bbox 1017 808 1074 852; x_wconf 86' lang='lat' dir='ltr'>et</span> <span class='ocrx_word' id='word_1_57' title='bbox 1124 799 1413 853; x_wconf 79' lang='lat' dir='ltr'>intentam</span> <span class='ocrx_word' id='word_1_58' title='bbox 1468 801 1791 854; x_wconf 80' lang='lat' dir='ltr'>Pastorum</span> <span class='ocrx_word' id='word_1_59' title='bbox 1842 799 2189 856; x_wconf 84' lang='lat' dir='ltr'>sollicitudi-</span> 
     </span>
     <span class='ocr_line' id='line_1_10' title="bbox 562 873 2191 947; baseline 0.002 -17"><span class='ocrx_word' id='word_1_60' title='bbox 562 873 742 931; x_wconf 82' lang='lat' dir='ltr'>nem?</span> <span class='ocrx_word' id='word_1_61' title='bbox 783 881 920 934; x_wconf 83' lang='lat' dir='ltr'>Haec</span> <span class='ocrx_word' id='word_1_62' title='bbox 967 874 1399 944; x_wconf 73' lang='lat' dir='ltr'>uniformitaS‚</span> <span class='ocrx_word' id='word_1_63' title='bbox 1455 893 1587 947; x_wconf 81' lang='lat' dir='ltr'>quae</span> <span class='ocrx_word' id='word_1_64' title='bbox 1646 877 1711 931; x_wconf 90' lang='lat' dir='ltr'>in</span> <span class='ocrx_word' id='word_1_65' title='bbox 1765 875 1859 933; x_wconf 90' lang='lat' dir='ltr'>his</span> <span class='ocrx_word' id='word_1_66' title='bbox 1899 876 2191 942; x_wconf 85' lang='lat' dir='ltr'>omnibus</span> 
     </span>
     <span class='ocr_line' id='line_1_11' title="bbox 561 947 2192 1025; baseline 0 -15"><span class='ocrx_word' id='word_1_67' title='bbox 561 961 844 1012; x_wconf 85' lang='lat' dir='ltr'>servatur</span> <span class='ocrx_word' id='word_1_68' title='bbox 870 997 887 1025; x_wconf 91' lang='lat'><strong>,</strong></span> <span class='ocrx_word' id='word_1_69' title='bbox 954 949 1031 1008; x_wconf 84' lang='lat' dir='ltr'>ad</span> <span class='ocrx_word' id='word_1_70' title='bbox 1093 947 1478 1023; x_wconf 76' lang='lat' dir='ltr'>splendorem</span> <span class='ocrx_word' id='word_1_71' title='bbox 1541 947 1719 1008; x_wconf 85' lang='lat' dir='ltr'>officii</span> <span class='ocrx_word' id='word_1_72' title='bbox 1788 949 2192 1012; x_wconf 84' lang='lat' dir='ltr'>Ecclesiastici</span> 
     </span>
     <span class='ocr_line' id='line_1_12' title="bbox 563 1023 2197 1104; baseline 0 -18"><span class='ocrx_word' id='word_1_73' title='bbox 563 1038 838 1101; x_wconf 79' lang='lat' dir='ltr'>spectat,</span> <span class='ocrx_word' id='word_1_74' title='bbox 879 1037 940 1086; x_wconf 89' lang='lat' dir='ltr'>et</span> <span class='ocrx_word' id='word_1_75' title='bbox 974 1027 1269 1084; x_wconf 84' lang='lat' dir='ltr'>unitatem</span> <span class='ocrx_word' id='word_1_76' title='bbox 1314 1023 1591 1084; x_wconf 87' lang='lat' dir='ltr'>Ecclesiae</span> <span class='ocrx_word' id='word_1_77' title='bbox 1645 1027 2041 1097; x_wconf 80' lang='lat' dir='ltr'>commendat</span> <span class='ocrx_word' id='word_1_78' title='bbox 2071 1074 2088 1104; x_wconf 93' lang='lat'>‚</span> <span class='ocrx_word' id='word_1_79' title='bbox 2130 1039 2197 1087; x_wconf 91' lang='lat' dir='ltr'>et</span> 
     </span>
     <span class='ocr_line' id='line_1_13' title="bbox 563 1099 1945 1180; baseline 0 -18"><span class='ocrx_word' id='word_1_80' title='bbox 563 1108 880 1166; x_wconf 79' lang='lat' dir='ltr'>Pastorum</span> <span class='ocrx_word' id='word_1_81' title='bbox 905 1109 1034 1180; x_wconf 86' lang='lat' dir='ltr'>ejus</span> <span class='ocrx_word' id='word_1_82' title='bbox 1072 1121 1315 1176; x_wconf 84' lang='lat' dir='ltr'>curam,</span> <span class='ocrx_word' id='word_1_83' title='bbox 1348 1121 1417 1161; x_wconf 83' lang='lat' dir='ltr'>ac</span> <span class='ocrx_word' id='word_1_84' title='bbox 1448 1099 1945 1162; x_wconf 88' lang='lat' dir='ltr'>sollicitudinem.</span> 
     </span>
    </p>
   </div>
   <div class='ocr_carea' id='block_1_3' title="bbox 493 1401 2216 2464">
    <p class='ocr_par' dir='ltr' id='par_1_3' title="bbox 493 1401 2216 2464">
     <span class='ocr_line' id='line_1_14' title="bbox 591 1401 2197 1483; baseline -0.002 -16"><span class='ocrx_word' id='word_1_85' title='bbox 591 1408 598 1414; x_wconf 75' lang='grc'><strong>’</strong></span> <span class='ocrx_word' id='word_1_86' title='bbox 649 1407 832 1467; x_wconf 88' lang='lat' dir='ltr'><em>VIII.</em></span> <span class='ocrx_word' id='word_1_87' title='bbox 875 1407 1014 1464; x_wconf 88' lang='lat' dir='ltr'>Jam</span> <span class='ocrx_word' id='word_1_88' title='bbox 1038 1407 1174 1464; x_wconf 75' lang='lat' dir='ltr'>vero</span> <span class='ocrx_word' id='word_1_89' title='bbox 1200 1418 1267 1482; x_wconf 78' lang='lat' dir='ltr'>ut</span> <span class='ocrx_word' id='word_1_90' title='bbox 1290 1407 1376 1464; x_wconf 87' lang='lat' dir='ltr'>ad</span> <span class='ocrx_word' id='word_1_91' title='bbox 1398 1401 1661 1464; x_wconf 80' lang='lat' dir='ltr'>maten&#39;oe</span> <span class='ocrx_word' id='word_1_92' title='bbox 1685 1405 1849 1462; x_wconf 87' lang='lat' dir='ltr'>nobis</span> <span class='ocrx_word' id='word_1_93' title='bbox 1878 1410 2197 1483; x_wconf 79' lang='lat' dir='ltr'>pmpositae</span> 
     </span>
     <span class='ocr_line' id='line_1_15' title="bbox 493 1479 2211 1560; baseline -0.002 -22"><span class='ocrx_word' id='word_1_94' title='bbox 493 1484 508 1494; x_wconf 62' lang='lat'><strong>⁹</strong></span> <span class='ocrx_word' id='word_1_95' title='bbox 549 1479 824 1559; x_wconf 81' lang='lat' dir='ltr'>fundum</span> <span class='ocrx_word' id='word_1_96' title='bbox 871 1485 1174 1540; x_wconf 79' lang='lat' dir='ltr'>mittamus</span> <span class='ocrx_word' id='word_1_97' title='bbox 1223 1483 1471 1540; x_wconf 81' lang='lat' dir='ltr'>bolidem</span> <span class='ocrx_word' id='word_1_98' title='bbox 1489 1529 1504 1556; x_wconf 87' lang='lat'><strong>,</strong></span> <span class='ocrx_word' id='word_1_99' title='bbox 1563 1481 1879 1540; x_wconf 84' lang='lat' dir='ltr'>Generales</span> <span class='ocrx_word' id='word_1_100' title='bbox 1934 1485 2157 1560; x_wconf 62' lang='lat' dir='ltr'>reg-ula?</span> <span class='ocrx_word' id='word_1_101' title='bbox 2180 1521 2211 1554; x_wconf 85' lang='lat'>‚.</span> 
     </span>
     <span class='ocr_line' id='line_1_16' title="bbox 567 1559 2199 1638; baseline -0.001 -21"><span class='ocrx_word' id='word_1_102' title='bbox 567 1583 719 1638; x_wconf 81' lang='lat' dir='ltr'>quas</span> <span class='ocrx_word' id='word_1_103' title='bbox 766 1560 1022 1617; x_wconf 78' lang='lat' dir='ltr'>rubricas</span> <span class='ocrx_word' id='word_1_104' title='bbox 1055 1559 1291 1633; x_wconf 85' lang='lat' dir='ltr'>dicunt,</span> <span class='ocrx_word' id='word_1_105' title='bbox 1329 1560 1593 1615; x_wconf 85' lang='lat' dir='ltr'>Romani</span> <span class='ocrx_word' id='word_1_106' title='bbox 1640 1559 1915 1615; x_wconf 86' lang='lat' dir='ltr'>Missalis</span> <span class='ocrx_word' id='word_1_107' title='bbox 1962 1562 2076 1618; x_wconf 76' lang='lat' dir='ltr'>Tit.</span> <span class='ocrx_word' id='word_1_108' title='bbox 2108 1579 2199 1636; x_wconf 77' lang='lat'>17.</span> 
     </span>
     <span class='ocr_line' id='line_1_17' title="bbox 570 1635 2198 1712; baseline -0.003 -17"><span class='ocrx_word' id='word_1_109' title='bbox 570 1649 781 1694; x_wconf 81' lang='lat' dir='ltr'>vetant</span> <span class='ocrx_word' id='word_1_110' title='bbox 815 1638 1130 1694; x_wconf 77' lang='lat' dir='ltr'>sessionem</span> <span class='ocrx_word' id='word_1_111' title='bbox 1170 1635 1235 1690; x_wconf 85' lang='lat' dir='ltr'>in</span> <span class='ocrx_word' id='word_1_112' title='bbox 1291 1635 1503 1696; x_wconf 67' lang='lat' dir='ltr'>Missis</span> <span class='ocrx_word' id='word_1_113' title='bbox 1536 1635 1788 1708; x_wconf 77' lang='lat' dir='ltr'>‚privatis</span> <span class='ocrx_word' id='word_1_114' title='bbox 1809 1681 1829 1707; x_wconf 76' lang='lat'><strong>‚</strong></span> <span class='ocrx_word' id='word_1_115' title='bbox 1879 1656 2065 1712; x_wconf 88' lang='lat' dir='ltr'>quam</span> <span class='ocrx_word' id='word_1_116' title='bbox 2108 1647 2198 1690; x_wconf 88' lang='lat' dir='ltr'>ta·</span> 
     </span>
     <span class='ocr_line' id='line_1_18' title="bbox 573 1708 2200 1784; baseline 0 -15"><span class='ocrx_word' id='word_1_117' title='bbox 573 1734 708 1769; x_wconf 88' lang='lat' dir='ltr'>men</span> <span class='ocrx_word' id='word_1_118' title='bbox 773 1709 1097 1770; x_wconf 81' lang='lat' dir='ltr'>concedunt</span> <span class='ocrx_word' id='word_1_119' title='bbox 1157 1713 1222 1766; x_wconf 84' lang='lat' dir='ltr'>in</span> <span class='ocrx_word' id='word_1_120' title='bbox 1278 1708 1628 1783; x_wconf 69' lang='lat' dir='ltr'>solemnibus</span> <span class='ocrx_word' id='word_1_121' title='bbox 1657 1753 1674 1780; x_wconf 84' lang='lat'>‚</span> <span class='ocrx_word' id='word_1_122' title='bbox 1754 1708 1902 1768; x_wconf 86' lang='lat' dir='ltr'>dum</span> <span class='ocrx_word' id='word_1_123' title='bbox 1968 1713 2160 1784; x_wconf 85' lang='lat' dir='ltr'>Kyrie</span> <span class='ocrx_word' id='word_1_124' title='bbox 2184 1755 2200 1784; x_wconf 90' lang='lat'>‚</span> 
     </span>
     <span class='ocr_line' id='line_1_19' title="bbox 575 1785 2215 1861; baseline -0.004 -13"><span class='ocrx_word' id='word_1_125' title='bbox 575 1788 786 1849; x_wconf 85' lang='lat' dir='ltr'>Gloria</span> <span class='ocrx_word' id='word_1_126' title='bbox 814 1834 831 1861; x_wconf 85' lang='lat'>‚</span> <span class='ocrx_word' id='word_1_127' title='bbox 873 1788 949 1846; x_wconf 78' lang='lat' dir='ltr'>et&#39;</span> <span class='ocrx_word' id='word_1_128' title='bbox 973 1787 1174 1847; x_wconf 86' lang='lat' dir='ltr'>Credo</span> <span class='ocrx_word' id='word_1_129' title='bbox 1216 1809 1256 1844; x_wconf 87' lang='lat' dir='ltr'>a</span> <span class='ocrx_word' id='word_1_130' title='bbox 1305 1785 1489 1843; x_wconf 75' lang='lat' dir='ltr'>Chore</span> <span class='ocrx_word' id='word_1_131' title='bbox 1529 1785 1898 1843; x_wconf 78' lang='lat' dir='ltr'>decantatur.</span> <span class='ocrx_word' id='word_1_132' title='bbox 1953 1787 2215 1852; x_wconf 56' lang='lat' dir='ltr'>Triden-⁸</span> 
     </span>
     <span class='ocr_line' id='line_1_20' title="bbox 573 1861 2205 1939; baseline 0.001 -21"><span class='ocrx_word' id='word_1_133' title='bbox 573 1867 765 1920; x_wconf 81' lang='lat' dir='ltr'>tinum</span> <span class='ocrx_word' id='word_1_134' title='bbox 812 1865 950 1920; x_wconf 76' lang='lat' dir='ltr'>vero</span> <span class='ocrx_word' id='word_1_135' title='bbox 996 1863 1321 1920; x_wconf 83' lang='lat' dir='ltr'>Concilium</span> <span class='ocrx_word' id='word_1_136' title='bbox 1372 1861 1527 1920; x_wconf 86' lang='lat' dir='ltr'>Sess.</span> <span class='ocrx_word' id='word_1_137' title='bbox 1557 1879 1615 1939; x_wconf 83' lang='lat'>7.</span> <span class='ocrx_word' id='word_1_138' title='bbox 1675 1861 1752 1918; x_wconf 84' lang='lat' dir='ltr'>de</span> <span class='ocrx_word' id='word_1_139' title='bbox 1796 1861 2205 1922; x_wconf 80' lang='lat' dir='ltr'>Sacramentis</span> 
     </span>
     <span class='ocr_line' id='line_1_21' title="bbox 576 1937 2203 2016; baseline -0.002 -19"><span class='ocrx_word' id='word_1_140' title='bbox 576 1943 641 1998; x_wconf 86' lang='lat' dir='ltr'>in</span> <span class='ocrx_word' id='word_1_141' title='bbox 691 1960 920 2014; x_wconf 79' lang='lat' dir='ltr'>,genere</span> <span class='ocrx_word' id='word_1_142' title='bbox 967 1959 1106 1997; x_wconf 82' lang='lat' dir='ltr'>can.</span> <span class='ocrx_word' id='word_1_143' title='bbox 1153 1937 1243 1996; x_wconf 83' lang='lat'>13.</span> <span class='ocrx_word' id='word_1_144' title='bbox 1304 1957 1551 1996; x_wconf 74' lang='lat' dir='ltr'>omnem.</span> <span class='ocrx_word' id='word_1_145' title='bbox 1596 1938 2203 2016; x_wconf 78' lang='lat' dir='ltr'>quantulamcumque</span> 
     </span>
     <span class='ocr_line' id='line_1_22' title="bbox 575 2013 2208 2087; baseline -0.001 -15"><span class='ocrx_word' id='word_1_146' title='bbox 575 2017 958 2072; x_wconf 84' lang='lat' dir='ltr'>mutationem</span> <span class='ocrx_word' id='word_1_147' title='bbox 1001 2016 1219 2068; x_wconf 73' lang='lat' dir='ltr'>rituum</span> <span class='ocrx_word' id='word_1_148' title='bbox 1253 2013 1521 2087; x_wconf 75' lang='lat' dir='ltr'>prohibet</span> <span class='ocrx_word' id='word_1_149' title='bbox 1540 2057 1557 2085; x_wconf 87' lang='lat'><strong>,</strong></span> <span class='ocrx_word' id='word_1_150' title='bbox 1591 2024 1651 2067; x_wconf 83' lang='lat' dir='ltr'>et</span> <span class='ocrx_word' id='word_1_151' title='bbox 1671 2013 1734 2069; x_wconf 88' lang='lat' dir='ltr'>S.</span> <span class='ocrx_word' id='word_1_152' title='bbox 1760 2014 1869 2068; x_wconf 81' lang='lat' dir='ltr'>Pii</span> <span class='ocrx_word' id='word_1_153' title='bbox 1902 2014 1980 2070; x_wconf 86' lang='lat' dir='ltr'>V.</span> <span class='ocrx_word' id='word_1_154' title='bbox 2014 2015 2208 2070; x_wconf 87' lang='lat' dir='ltr'>Bulla</span> 
     </span>
     <span class='ocr_line' id='line_1_23' title="bbox 577 2087 2211 2167; baseline -0.001 -19"><span class='ocrx_word' id='word_1_155' title='bbox 577 2089 822 2148; x_wconf 68' lang='lat' dir='ltr'>Mssafi</span> <span class='ocrx_word' id='word_1_156' title='bbox 841 2087 1103 2163; x_wconf 83' lang='lat' dir='ltr'>proefixa</span> <span class='ocrx_word' id='word_1_157' title='bbox 1135 2087 1496 2144; x_wconf 77' lang='lat' dir='ltr'>rubricarum</span> <span class='ocrx_word' id='word_1_158' title='bbox 1537 2087 1989 2145; x_wconf 74' lang='lat' dir='ltr'>observationem</span> <span class='ocrx_word' id='word_1_159' title='bbox 2028 2092 2211 2167; x_wconf 57' lang='lat' dir='ltr'>exigit</span> 
     </span>
     <span class='ocr_line' id='line_1_24' title="bbox 575 2163 2206 2238; baseline -0.001 -15"><span class='ocrx_word' id='word_1_160' title='bbox 575 2163 996 2223; x_wconf 81' lang='lat' dir='ltr'>omnimodam.</span> <span class='ocrx_word' id='word_1_161' title='bbox 1075 2163 1178 2218; x_wconf 84' lang='lat' dir='ltr'>Ex</span> <span class='ocrx_word' id='word_1_162' title='bbox 1230 2163 1443 2238; x_wconf 86' lang='lat' dir='ltr'>quibus</span> <span class='ocrx_word' id='word_1_163' title='bbox 1489 2165 1869 2238; x_wconf 86' lang='lat' dir='ltr'>perspicuum</span> <span class='ocrx_word' id='word_1_164' title='bbox 1932 2165 2206 2238; x_wconf 67' lang='lat' dir='ltr'>videtur,</span> 
     </span>
     <span class='ocr_line' id='line_1_25' title="bbox 615 2237 2207 2316; baseline -0.002 -17"><span class='ocrx_word' id='word_1_165' title='bbox 615 2241 769 2313; x_wconf 88' lang='lat' dir='ltr'>uod,</span> <span class='ocrx_word' id='word_1_166' title='bbox 801 2242 868 2297; x_wconf 81' lang='lat' dir='ltr'>&#39;si</span> <span class='ocrx_word' id='word_1_167' title='bbox 903 2239 1034 2316; x_wconf 86' lang='lat' dir='ltr'>quis</span> <span class='ocrx_word' id='word_1_168' title='bbox 1080 2237 1200 2293; x_wconf 79' lang='lat' dir='ltr'>alio</span> <span class='ocrx_word' id='word_1_169' title='bbox 1243 2237 1413 2312; x_wconf 86' lang='lat' dir='ltr'>modo</span> <span class='ocrx_word' id='word_1_170' title='bbox 1444 2237 1481 2310; x_wconf 62' lang='lat'>,&#39;</span> <span class='ocrx_word' id='word_1_171' title='bbox 1516 2239 1699 2314; x_wconf 71' lang='lat' dir='ltr'>quam</span> <span class='ocrx_word' id='word_1_172' title='bbox 1752 2238 2007 2298; x_wconf 80' lang='lat' dir='ltr'>sedendo</span> <span class='ocrx_word' id='word_1_173' title='bbox 2058 2242 2207 2296; x_wconf 86' lang='lat' dir='ltr'>cele-</span> 
     </span>
     <span class='ocr_line' id='line_1_26' title="bbox 576 2267 2216 2390; baseline -0.005 -14"><span class='ocrx_word' id='word_1_174' title='bbox 576 2267 738 2376; x_wconf 55' lang='lat' dir='ltr'>{rare</span> <span class='ocrx_word' id='word_1_175' title='bbox 791 2319 1033 2374; x_wconf 87' lang='lat' dir='ltr'>missam</span> <span class='ocrx_word' id='word_1_176' title='bbox 1063 2324 1352 2390; x_wconf 84' lang='lat' dir='ltr'>nequeat,</span> <span class='ocrx_word' id='word_1_177' title='bbox 1410 2315 1834 2370; x_wconf 85' lang='lat' dir='ltr'>Communione</span> <span class='ocrx_word' id='word_1_178' title='bbox 1886 2317 2216 2384; x_wconf 60' lang='lat' dir='ltr'>Laicorum</span> 
     </span>
     <span class='ocr_line' id='line_1_27' title="bbox 575 2387 2203 2464; baseline -0.005 -6"><span class='ocrx_word' id='word_1_179' title='bbox 575 2417 748 2458; x_wconf 82' lang='lat' dir='ltr'>more</span> <span class='ocrx_word' id='word_1_180' title='bbox 773 2402 1076 2452; x_wconf 80' lang='lat' dir='ltr'>contentus</span> <span class='ocrx_word' id='word_1_181' title='bbox 1095 2435 1112 2463; x_wconf 92' lang='lat'>‚</span> <span class='ocrx_word' id='word_1_182' title='bbox 1132 2410 1173 2446; x_wconf 89' lang='lat' dir='ltr'>a</span> <span class='ocrx_word' id='word_1_183' title='bbox 1187 2387 1566 2448; x_wconf 79' lang='lat' dir='ltr'>celebratione</span> <span class='ocrx_word' id='word_1_184' title='bbox 1592 2389 1895 2464; x_wconf 37' lang='lat' dir='ltr'>abstinere·</span> <span class='ocrx_word' id='word_1_185' title='bbox 1912 2402 2203 2450; x_wconf 85' lang='lat' dir='ltr'>teneatur.</span> 
     </span>
    </p>
   </div>
   <div class='ocr_carea' id='block_1_4' title="bbox 552 2690 2221 3461">
    <p class='ocr_par' dir='ltr' id='par_1_4' title="bbox 552 2690 2221 3461">
     <span class='ocr_line' id='line_1_28' title="bbox 595 2690 2210 2779; baseline -0.006 -14"><span class='ocrx_word' id='word_1_186' title='bbox 595 2697 604 2708; x_wconf 58' lang='grc'><strong>’</strong></span> <span class='ocrx_word' id='word_1_187' title='bbox 655 2703 776 2766; x_wconf 87' lang='grc' dir='ltr'>ΙΧ.</span> <span class='ocrx_word' id='word_1_188' title='bbox 825 2705 991 2779; x_wconf 81' lang='lat' dir='ltr'>Quid</span> <span class='ocrx_word' id='word_1_189' title='bbox 1029 2706 1199 2774; x_wconf 72' lang='lat' dir='ltr'>vero,</span> <span class='ocrx_word' id='word_1_190' title='bbox 1228 2703 1436 2779; x_wconf 74' lang='lat' dir='ltr'>siquis</span> <span class='ocrx_word' id='word_1_191' title='bbox 1474 2701 1561 2758; x_wconf 86' lang='lat' dir='ltr'>ad</span> <span class='ocrx_word' id='word_1_192' title='bbox 1608 2690 1956 2758; x_wconf 83' lang='lat' dir='ltr'>sedentariae</span> <span class='ocrx_word' id='word_1_193' title='bbox 1990 2701 2210 2762; x_wconf 67' lang='lat' dir='ltr'>Mssoe,</span> 
     </span>
     <span class='ocr_line' id='line_1_29' title="bbox 581 2774 2210 2854; baseline -0.006 -16"><span class='ocrx_word' id='word_1_194' title='bbox 581 2781 1019 2850; x_wconf 76' lang='lat' dir='ltr'>celebrationem</span> <span class='ocrx_word' id='word_1_195' title='bbox 1044 2777 1452 2854; x_wconf 70' lang='lat' dir='ltr'>dispensetur?</span> <span class='ocrx_word' id='word_1_196' title='bbox 1487 2779 1707 2834; x_wconf 75' lang='lat' dir='ltr'>Verum</span> <span class='ocrx_word' id='word_1_197' title='bbox 1727 2823 1743 2850; x_wconf 90' lang='lat'>,</span> <span class='ocrx_word' id='word_1_198' title='bbox 1775 2778 1911 2832; x_wconf 74' lang='lat' dir='ltr'>cum</span> <span class='ocrx_word' id='word_1_199' title='bbox 1930 2774 2210 2836; x_wconf 59' lang='lat' dir='ltr'>Rubricoe„</span> 
     </span>
     <span class='ocr_line' id='line_1_30' title="bbox 581 2851 2215 2930; baseline -0.005 -17"><span class='ocrx_word' id='word_1_200' title='bbox 581 2857 896 2914; x_wconf 81' lang='lat' dir='ltr'>sessionem</span> <span class='ocrx_word' id='word_1_201' title='bbox 913 2851 1269 2930; x_wconf 76' lang='lat' dir='ltr'>prohibeant</span> <span class='ocrx_word' id='word_1_202' title='bbox 1292 2895 1311 2924; x_wconf 87' lang='lat'><em>,</em></span> <span class='ocrx_word' id='word_1_203' title='bbox 1363 2851 1603 2908; x_wconf 87' lang='lat' dir='ltr'>videtur</span> <span class='ocrx_word' id='word_1_204' title='bbox 1638 2854 1744 2909; x_wconf 85' lang='lat' dir='ltr'>illa</span> <span class='ocrx_word' id='word_1_205' title='bbox 1782 2851 2215 2914; x_wconf 71' lang='lat' dir='ltr'>irreverentiam</span> 
     </span>
     <span class='ocr_line' id='line_1_31' title="bbox 581 2927 2213 3006; baseline -0.003 -19"><span class='ocrx_word' id='word_1_206' title='bbox 581 2932 870 2987; x_wconf 86' lang='lat' dir='ltr'>continere</span> <span class='ocrx_word' id='word_1_207' title='bbox 897 2975 914 3002; x_wconf 87' lang='lat'><strong>‚</strong></span> <span class='ocrx_word' id='word_1_208' title='bbox 960 2950 1098 3006; x_wconf 86' lang='lat' dir='ltr'>quoe</span> <span class='ocrx_word' id='word_1_209' title='bbox 1148 2928 1601 3002; x_wconf 80' lang='lat' dir='ltr'>dispensationis</span> <span class='ocrx_word' id='word_1_210' title='bbox 1640 2927 1891 2984; x_wconf 81' lang='lat' dir='ltr'>remedio</span> <span class='ocrx_word' id='word_1_211' title='bbox 1932 2947 2051 2982; x_wconf 88' lang='lat' dir='ltr'>non</span> <span class='ocrx_word' id='word_1_212' title='bbox 2102 2927 2213 2982; x_wconf 87' lang='lat' dir='ltr'>tol·</span> 
     </span>
     <span class='ocr_line' id='line_1_32' title="bbox 581 3000 2221 3080; baseline -0.001 -16"><span class='ocrx_word' id='word_1_213' title='bbox 581 3007 741 3064; x_wconf 78' lang='lat' dir='ltr'>titur.</span> <span class='ocrx_word' id='word_1_214' title='bbox 787 3000 1138 3078; x_wconf 62' lang='lat' dir='ltr'>(li&#39;zeophilus</span> <span class='ocrx_word' id='word_1_215' title='bbox 1180 3003 1561 3078; x_wconf 80' lang='lat' dir='ltr'>Raynaudus</span> <span class='ocrx_word' id='word_1_216' title='bbox 1606 3007 1671 3059; x_wconf 87' lang='lat' dir='ltr'>in</span> <span class='ocrx_word' id='word_1_217' title='bbox 1704 3023 1868 3080; x_wconf 76' lang='lat' dir='ltr'>opere</span> <span class='ocrx_word' id='word_1_218' title='bbox 1892 3003 2175 3077; x_wconf 77' lang='lat' dir='ltr'>inscripto</span> <span class='ocrx_word' id='word_1_219' title='bbox 2198 3025 2221 3062; x_wconf 86' lang='lat'>··.</span> 
     </span>
     <span class='ocr_line' id='line_1_33' title="bbox 583 3079 2219 3153; baseline -0.001 -15"><span class='ocrx_word' id='word_1_220' title='bbox 583 3079 834 3142; x_wconf 81' lang='lat' dir='ltr'>Sacrum</span> <span class='ocrx_word' id='word_1_221' title='bbox 878 3080 1301 3150; x_wconf 68' lang='lat' dir='ltr'>Christianum</span> <span class='ocrx_word' id='word_1_222' title='bbox 1334 3079 1719 3138; x_wconf 76' lang='lat' dir='ltr'>Acathistum</span> <span class='ocrx_word' id='word_1_223' title='bbox 1744 3126 1761 3153; x_wconf 88' lang='lat'>‚</span> <span class='ocrx_word' id='word_1_224' title='bbox 1804 3100 1908 3138; x_wconf 87' lang='lat' dir='ltr'>seu</span> <span class='ocrx_word' id='word_1_225' title='bbox 1936 3079 2219 3137; x_wconf 83' lang='lat' dir='ltr'>sessionis</span> 
     </span>
     <span class='ocr_line' id='line_1_34' title="bbox 585 3152 2217 3233; baseline -0.005 -17"><span class='ocrx_word' id='word_1_226' title='bbox 585 3177 817 3232; x_wconf 68' lang='lat' dir='ltr'>expers.</span> <span class='ocrx_word' id='word_1_227' title='bbox 874 3159 1040 3228; x_wconf 63' lang='lat' dir='ltr'>slbm.</span> <span class='ocrx_word' id='word_1_228' title='bbox 1069 3152 1133 3211; x_wconf 62' lang='lat'>62</span> <span class='ocrx_word' id='word_1_229' title='bbox 1173 3174 1322 3231; x_wconf 75' lang='lat' dir='ltr'>pag.</span> <span class='ocrx_word' id='word_1_230' title='bbox 1354 3152 1499 3233; x_wconf 76' lang='grc'><strong>498.</strong></span> <span class='ocrx_word' id='word_1_231' title='bbox 1542 3155 1599 3232; x_wconf 81' lang='lat'>§.</span> <span class='ocrx_word' id='word_1_232' title='bbox 1642 3153 1805 3230; x_wconf 69' lang='grc' dir='ltr'><em>4.,ει</em></span> <span class='ocrx_word' id='word_1_233' title='bbox 1847 3174 2009 3231; x_wconf 83' lang='lat' dir='ltr'>seqq.</span> <span class='ocrx_word' id='word_1_234' title='bbox 2054 3153 2217 3209; x_wconf 78' lang='lat' dir='ltr'>dilu-</span> 
     </span>
     <span class='ocr_line' id='line_1_35' title="bbox 552 3230 2219 3306; baseline -0.002 -18"><span class='ocrx_word' id='word_1_235' title='bbox 552 3231 708 3288; x_wconf 79' lang='lat' dir='ltr'>&#39;cide</span> <span class='ocrx_word' id='word_1_236' title='bbox 767 3231 933 3286; x_wconf 90' lang='lat' dir='ltr'>illam</span> <span class='ocrx_word' id='word_1_237' title='bbox 987 3231 1451 3304; x_wconf 42' lang='lat' dir='ltr'>irreverentiam„</span> <span class='ocrx_word' id='word_1_238' title='bbox 1478 3230 1666 3288; x_wconf 88' lang='lat' dir='ltr'>docet.</span> <span class='ocrx_word' id='word_1_239' title='bbox 1733 3232 1921 3287; x_wconf 88' lang='lat' dir='ltr'>Extat</span> <span class='ocrx_word' id='word_1_240' title='bbox 1982 3249 2219 3306; x_wconf 66' lang='lat' dir='ltr'>quoq-ue</span> 
     </span>
     <span class='ocr_line' id='line_1_36' title="bbox 583 3303 2218 3384; baseline -0.004 -20"><span class='ocrx_word' id='word_1_241' title='bbox 583 3307 927 3384; x_wconf 82' lang='lat' dir='ltr'>opusculum</span> <span class='ocrx_word' id='word_1_242' title='bbox 973 3307 1035 3363; x_wconf 84' lang='lat' dir='ltr'>S.</span> <span class='ocrx_word' id='word_1_243' title='bbox 1069 3307 1239 3381; x_wconf 75' lang='lat' dir='ltr'>Petri</span> <span class='ocrx_word' id='word_1_244' title='bbox 1302 3307 1601 3381; x_wconf 76' lang='lat' dir='ltr'>Damiani</span> <span class='ocrx_word' id='word_1_245' title='bbox 1646 3325 1889 3378; x_wconf 80' lang='lat' dir='ltr'>numero</span> <span class='ocrx_word' id='word_1_246' title='bbox 1939 3305 2037 3382; x_wconf 87' lang='grc'>39.</span> <span class='ocrx_word' id='word_1_247' title='bbox 2085 3303 2218 3368; x_wconf 82' lang='lat' dir='ltr'>edi-</span> 
     </span>
     <span class='ocr_line' id='line_1_37' title="bbox 586 3377 2219 3461; baseline -0.004 -21"><span class='ocrx_word' id='word_1_248' title='bbox 586 3383 758 3441; x_wconf 82' lang='lat' dir='ltr'>tionis</span> <span class='ocrx_word' id='word_1_249' title='bbox 809 3383 956 3441; x_wconf 85' lang='lat' dir='ltr'>anni</span> <span class='ocrx_word' id='word_1_250' title='bbox 994 3377 1158 3460; x_wconf 71' lang='grc'><strong>1743.</strong></span> <span class='ocrx_word' id='word_1_251' title='bbox 1181 3429 1201 3461; x_wconf 82' lang='lat'>‚</span> <span class='ocrx_word' id='word_1_252' title='bbox 1242 3384 1308 3438; x_wconf 82' lang='lat' dir='ltr'>in</span> <span class='ocrx_word' id='word_1_253' title='bbox 1356 3403 1471 3460; x_wconf 88' lang='lat' dir='ltr'>quo</span> <span class='ocrx_word' id='word_1_254' title='bbox 1525 3383 1887 3458; x_wconf 85' lang='lat' dir='ltr'>Episcopum</span> <span class='ocrx_word' id='word_1_255' title='bbox 1937 3381 2219 3437; x_wconf 79' lang='lat' dir='ltr'>Bisanti-</span> 
     </span>
    </p>
   </div>
  </div>
 </body>
</html>
