2384 3992
583 111 708 198 576
1185 107 1620 173 Apfssxmx

581 232 654 280 ut
691 218 769 280 de
806 217 1061 295 proprio
1101 217 1311 276 vivere
1346 226 1579 294 queant
1607 261 1625 288 ,
1678 215 2032 289 necessitati
2082 213 2236 278 vei-¹⁴⁰

578 296 1080 372 congregationis
1119 295 1383 353 Limanae
1422 291 1773 370 hujusmodi
1801 311 2105 352 numerus
2124 293 2234 352 Sa·-

579 373 901 433 cerdotum
945 374 1010 432 in
1051 393 1120 431 ea
1162 374 1551 431 existentium
1593 369 1847 428 minime
1876 390 2237 446 congruens

577 453 966 526 reperiatur,
1010 459 1072 508 et
1103 449 1377 509 defectus
1410 451 1525 506 iste
1560 444 1943 520 sensibilior,
1982 468 2091 506 seu
2124 467 2235 506 ve-

578 530 715 588 rius
756 527 1161 602 perniciosior
1213 529 1430 585 existat
1462 569 1477 593 ‚
1548 527 1779 583 etenim
1840 525 1901 580 in
1948 545 2021 583 ea
2078 526 2236 583 satis

581 606 730 666 novi
758 605 942 664 Orbis
971 603 1588 680 perampla-Civitatis
1622 600 1945 660 abundant
1972 601 2237 677 quidem

580 680 821 740 Fideles
857 727 873 752 ,
912 691 978 740 at
1027 703 1152 750 non
1218 682 1419 738 minor
1471 690 1561 738 est
1607 684 1989 752 Paganorum
2040 723 2057 748 ,
2118 688 2236 737 aut

583 756 661 818 de
707 760 938 818 recenti
987 757 1063 815 ad
1116 757 1325 818 Fidem
1374 757 1773 816 reductorum
1824 754 2183 831 frequentia
2215 799 2237 828 ‚

581 834 751 894 unde
813 835 1096 911 sequitur
1127 881 1143 906 ,
1236 845 1309 892 ut
1366 831 1529 892 illius
1586 831 1938 890 Sacerdotes
1964 877 1981 904 ‚
2040 835 2161 890 ets-i
2215 877 2235 903 ,

583 931 848 971 numero
885 911 1178 970 tredecim
1202 958 1217 984 ,
1251 921 1478 986 praeter
1516 911 1754 981 Laicos,
1778 919 2081 967 extremos
2110 911 2229 966 im-

628 989 863 1050 endant
905 986 1184 1058 laboreS,
1226 995 1406 1062 pares
1451 986 1705 1044 minime
1740 997 1888 1044 sunt
1926 986 2223 1060 spiritua-

581 1009 744 1124 libus
759 1064 970 1140 Populi
1003 1065 1501 1136 necessitatibus;
1526 1063 1752 1122 debent
1779 1083 2043 1136 namque
2069 1064 2232 1121 exei-

581 1161 730 1217 pere
745 1141 1253 1201 christifidelium
1274 1141 1698 1202 Confessiones
1718 1159 1949 1214 magnae
1968 1139 2229 1198 devoto-

581 1240 722 1276 rum
753 1218 1166 1277 multitudinis
1185 1265 1202 1290 ,
1236 1223 1336 1295 qui
1366 1217 1647 1294 quotidie
1670 1217 1746 1274 ad
1776 1236 1989 1276 eorum
2022 1215 2230 1275 Eccle-

581 1297 731 1354 siam
751 1294 827 1353 ad
851 1295 910 1354 id
931 1299 1315 1355 conveniunt
1340 1319 1354 1354 ε
1384 1293 1661 1369 quotidie
1680 1301 1929 1370 qnoque
1947 1291 2235 1352 Verbum

579 1373 712 1445 Dei,
729 1371 1134 1432 etCatholicoe
1157 1375 1325 1448 Legis
1346 1377 1643 1445 Praecepta
1659 1371 1903 1439 (locent,
1920 1380 1982 1427 et
2002 1370 2231 1444 praedi-

581 1460 761 1524 oant3
787 1461 1126 1508 occurrunt
1156 1452 1339 1509 etiam
1362 1467 1750 1522 quacum-que
1779 1447 1933 1506 hora
1955 1447 2233 1506 inviten-

584 1537 709 1600 tur,
727 1526 1191 1597 utauxilium‚et
1208 1527 1613 1585 assistentiam
1636 1533 1928 1598 praestent
1948 1525 2009 1578 in
2025 1543 2237 1597 supre-

579 1623 688 1662 mo
722 1609 934 1676 Agone
967 1605 1369 1674 constitutis3
1410 1611 1473 1658 et
1517 1601 1765 1658 demiim
1807 1596 2231 1666 famulantur,

584 1689 648 1738 et
679 1679 1058 1742 subveniunt
1091 1677 1465 1754 Pauperibus
1499 1675 1930 1734 Sacerdotibus
1957 1674 2235 1734 Infit-mis

583 1775 646 1813 se
699 1755 1134 1832 recipientibus
1197 1757 1259 1812 in
1306 1751 1600 1828 Hospitali
1624 1797 1641 1824 ,
1700 1757 1873 1828 cujus
1926 1773 2071 1810 cura
2092 1798 2108 1824 ‚
2162 1763 2232 1812 et

582 1831 1037 1891 administratio
1063 1831 1287 1892 eisdem
1310 1829 1539 1888 credita
1558 1874 1573 1899 ‚
1607 1837 1668 1884 et
1704 1827 2076 1888 demandata
2101 1829 2229 1887 exi-

577 1909 730 1982 stit3
774 1929 844 1966 ac
885 1907 1184 1982 proinde,
1222 1907 1423 1965 dictus
1466 1906 1829 1967 Vincentius
1879 1904 1955 1962 ad
1996 1925 2227 1978 augen-

579 1983 724 2040 dam
745 1985 862 2042 Dei
901 1983 1173 2041 Gloriam
1198 2027 1215 2055 ,
1247 1995 1307 2042 et
1348 1983 1535 2058 ipsius
1564 1983 1841 2039 Instituti
1875 1982 2227 2040 incremen-

577 2068 712 2118 tum
736 2101 752 2127 ‚
783 2060 1257 2132 animarumque
1276 2058 1537 2117 salutem
1557 2057 2040 2133 promovendam
2064 2103 2080 2128 ,
2112 2060 2223 2116 Su-

576 2133 928 2210 perioribus
969 2134 1327 2192 earumdem
1360 2135 1919 2208 Congu-egationum
1963 2130 2227 2192 faculta-

577 2221 703 2270 tem
730 2212 1066 2286 excipiendi
1097 2208 1349 2284 singulis
1376 2212 1553 2268 annis
1580 2212 1641 2268 in
1667 2220 2029 2268 memoratas
2048 2215 2221 2268 Con·

577 2289 996 2363 gregationeS,
1029 2307 1134 2346 seu
1157 2293 1399 2346 'Domos
1434 2297 1607 2357 octo,
1652 2285 1747 2344 ve}
1772 2307 1871 2346 sex
1902 2286 1980 2344 ad
2014 2288 2225 2346 minus

575 2363 835 2428 idoneos
875 2367 1039 2426 viros
1071 2367 1306 2425 caeteris
1348 2362 1749 2439 qualitatibus
1796 2362 2081 2438 praeditos
2102 2403 2117 2432 ,
2146 2361 2223 2422 li.

576 2453 678 2502 cet
707 2464 916 2504 rerum
943 2441 1381 2517 temporalium
1418 2443 1627 2516 inopes
1644 2486 1661 2512 ,
1685 2442 1869 2517 quive
1900 2440 1978 2500 ad
2004 2439 2225 2501 Sacros

580 2522 768 2578 etiam
811 2519 1275 2592 Presbyteratus
1314 2518 1578 2578 Ordines
1620 2518 1698 2576 ad
1746 2516 2028 2576 Titulum
2078 2519 2221 2577 Mis-

578 2598 803 2669 sionis,
837 2608 900 2656 et
936 2603 1153 2656 Mensae
1183 2597 1544 2656 Communis
1568 2614 1679 2670 per
1712 2593 2079 2654 Ordinarios
2104 2598 2221 2654 Lo·

577 2695 793 2739 corum
831 2675 1184 2748 promoveri
1224 2674 1490 2748 possint,
1532 2671 1649 2730 sibi
1691 2693 1725 2732 a
1754 2671 1939 2729 Nobis
1964 2672 2223 2730 concedi

575 2749 914 2824 plurimum
953 2749 1259 2810 desideret
1322 2753 1447 2808 Nos
1472 2749 1661 2824 igitur
1688 2749 1873 2822 ipsius
1904 2748 2221 2808 Vincentii

574 2827 752 2886 Votis
800 2824 915 2884 hac
961 2828 1024 2884 in
1074 2847 1174 2893 re,
1226 2837 1527 2902 quantum
1576 2845 1713 2883 cum
1764 2825 2025 2882 Domino
2076 2845 2219 2901 pos..

575 2922 814 2966 sumus,
855 2902 1277 2962 favorabiliter
1313 2922 1589 2961 annuere
1616 2899 1928 2973 volentes,
1952 2921 2223 2978 eumque

573 2999 612 3037 a
656 2977 976 3056 quibusvis
1013 2979 1713 3048 Excommunicationis,
1755 2981 2217 3056 Suspensionis,

576 3065 642 3114 et
690 3055 1041 3128 interdicti,
1084 3055 1343 3131 aliisque
1389 3054 2215 3128 Ecclesiasticis‘Sententiiffi

576 3129 864 3190 Censuris
885 3171 898 3191 ,
934 3141 994 3190 et
1015 3133 1213 3206 poenis
1242 3153 1275 3192 a
1314 3137 1461 3191 Jure
1480 3179 1495 3203 ‚
1533 3131 1627 3192 vel
1657 3131 2034 3210 ahtflomine
2064 3153 2215 3209 qua-

575 3209 668 3267 vis
710 3208 1056 3278 occasione,
1100 3206 1193 3267 vel
1228 3229 1408 3268 causa
1445 3209 1583 3269 latis
1622 3211 1671 3267 si
1702 3207 1929 3284 quibus
1956 3227 2215 3283 quomo·

575 3280 809 3345 dolibet
846 3284 1180 3344 innodatus
1224 3288 1425 3346 existit
1446 3326 1467 3350 ‚·
1500 3287 1575 3346 ad
1619 3284 1901 3344 effectum
1948 3304 2214 3360 praesen·

575 3361 734 3424 tium
768 3373 1014 3426 tantum
1041 3363 1541 3442 consequendum
1568 3362 1793 3424 harum
1816 3363 1976 3422 serie
2008 3361 2215 3425 ahsol-
