2384 3992
630 135 756 224 574
1234 137 1672 202 APPENDIX

620 265 721 306 me
779 243 1244 322 infrascriptum
1289 291 1304 314 ,
1361 245 1683 304 Relation'e
1754 243 2257 311 SanctitatiLSnae

621 325 896 382 omnium
924 365 938 392 ,
998 335 1061 382 et
1106 321 1489 396 singularum
1535 321 2044 398 supradictorum
2093 329 2258 383 Reso-

618 397 929 458 lutionum
975 402 1035 458 in
1068 400 1398 460 Audientia
1427 400 1639 460 habita
1677 400 1780 458 die
1812 423 1954 463 vm.
2002 404 2264 460 ,ianuarii

616 481 1064 540 MDCCLVIII.
1106 498 1208 536 eas
1256 475 1540 553 dignatus
1587 489 1680 536 est
1719 479 1782 536 iu
1829 479 2129 536 omnibus
2170 499 2262 552 ap·

615 553 885 630 probare
912 599 929 626 ‚
972 555 1412 631 mandavitque
1434 554 1697 632 desuper
1739 555 2018 630 expediri
2043 557 2268 614 Literas

617 629 994 705 Apostolieas
1026 635 1087 690 in
1127 632 1324 690 forma
1366 633 1595 692 Brevis.
1638 637 1710 690 In
1761 653 2040 708 quorum
2091 631 2264 690 fidem

619 718 740 766 etc.
780 715 1005 767 Datum
1045 713 1254 767 Romae
1282 729 1352 767 ex
1389 708 1622 767 Palatio
1653 720 1878 768 nostra:
1915 707 2118 766 solitae
2156 715 2266 767 Ha-

616 783 938 844 bitationis
970 785 1082 843 hac
1105 785 1206 843 die
1228 807 1392 845 nona
1415 788 1633 844 Mensis
1653 791 1790 844 Jan.
1817 790 2264 846 MDCCLVIII.

617 861 687 996 (83..
724 869 819 998 lllll.
872 861 1221 922 cardinalis
1279 861 1669 940 Sacripantes
1730 864 1980 925 Vitutii.
2032 868 2194 922 Loco
2243 863 2266 937 1

658 961 735 1014 igi
792 961 833 998 1.

694 1018 851 1076 Ciim
916 1027 1115 1075 autem
1162 1017 1321 1075 sicut
1389 1017 1534 1075 dicti
1595 1016 1946 1090 Presbyteri
2017 1014 2268 1075 Saecula-

615 1112 715 1152 res
752 1093 941 1152 Nobis
995 1093 1258 1152 subinde
1320 1097 1540 1170 exponi
1593 1095 1878 1152 fecerunt
1921 1139 1937 1162 ‚
1999 1094 2114 1168 ipsi
2159 1099 2267 1152 Re-

616 1168 989 1228 solutionem
1023 1169 1382 1246 hujusmodi.
1410 1191 1532 1246 quo
1574 1171 1808 1229 firmius
1839 1169 2141 1228 subsistat
2167 1217 2184 1242 .,
2213 1182 2268 1229 et

614 1257 898 1312 servetur
931 1249 1222 1318 exactus,
1259 1248 1616 1324 Apostolieae
1651 1248 2151 1306 confirmationis
2173 1253 2271 1306 No·

615 1333 756 1382 strae
792 1326 1137 1383 Patrocinio
1168 1328 1574 1398 communiri,
1611 1345 2005 1400 summopere
2035 1325 2265 1384 deside-

617 1405 909 1460 rent.Nos
932 1403 1119 1478 igitur
1140 1405 1710 1478 ipsosExponenteS‚
1727 1399 2098 1476 specialibus
2117 1401 2269 1461 favo-

619 1477 791 1537 ribus
827 1523 843 1546 ,
896 1489 958 1537 et
991 1479 1202 1554 gratiis
1251 1481 1540 1556 prosequi
1579 1476 1893 1545 volenteS‚
1952 1487 2020 1536 et
2055 1498 2264 1536 eorum

620 1553 959 1630 singulares
998 1562 1291 1614 Personas
1320 1599 1334 1626 ‚
1381 1576 1418 1612 a
1469 1554 1788 1630 quibusvis
1833 1557 2262 1612 Excomrnuni-

622 1634 922 1703 cationi5‚
968 1634 1387 1709 Suspensionis
1416 1675 1432 1702 ‚
1489 1643 1550 1690 et
1601 1631 1967 1702 interdicti,
2013 1629 2266 1706 aliisque

619 1707 1053 1767 Ecclesiasticis
1100 1710 1469 1782 Sententiis»,
1509 1708 1794 1766 Censuris
1824 1753 1841 1779 ‚
1877 1717 1942 1764 et
1979 1709 2178 1782 poenis
2227 1731 2258 1765 a

622 1789 815 1858 lure,
876 1783 975 1844 vel
1028 1785 1106 1844 ab
1168 1787 1430 1846 Homine
1486 1787 1703 1860 quavis
1759 1780 2122 1852 occasione,
2175 1783 2264 1843 vel

621 1865 822 1920 Causa
868 1857 1051 1935 latis]
1123 1865 1173 1920 si
1239 1862 1461 1938 quibus
1537 1858 2012 1938 quomodolibet
2086 1862 2262 1919 inno-

618 1937 777 1994 datae
814 1941 1113 2010 existunt,
1162 1938 1238 1996 ad
1279 1937 1564 1996 effectum
1598 1939 1995 2014 praesentium
2026 1947 2260 1996 tautum

618 2014 1124 2088 consequendum
1160 2061 1176 2084 ‚
1229 2015 1462 2073 harum*
1514 2016 1670 2074 serie
1718 2011 2154 2087 absolventes,
2203 2025 2258 2071 et

620 2087 931 2147 absolutas
974 2091 1107 2148 fore
1154 2103 1474 2150 censentes
1499 2136 1515 2163 ‚
1559 2089 2132 2168 supplicationibus
2165 2110 2256 2148 eo-

619 2181 762 2224 rum
818 2167 1067 2224 nomine
1116 2167 1306 2226 Nobis
1359 2165 1542 2244 super
1591 2168 1708 2226 hoc
1751 2166 2082 2226 humiliter
2127 2188 2294 2244 por·-

618 2245 805 2302 rectis
861 2241 1198 2317 inclinatir,
1253 2249 1674 2320 praeinsertam
1729 2243 2190 2304 Resolutionem
2223 2266 2256 2302 a

619 2322 975 2378 memoratis
1011 2321 1446 2381 cardinalibus
1480 2367 1497 2393 ‚
1544 2333 1616 2380 ut
1653 2322 1986 2396 praefertur
2018 2367 2036 2395 ‚
2085 2340 2256 2395 super

621 2398 802 2456 dictis
850 2396 1065 2456 Dubiis
1102 2409 1346 2473 captam
1375 2445 1392 2468 ‚
1441 2400 1828 2458 Auctoritate
1867 2396 2213 2474 Apostolica
2235 2437 2250 2466 ,

618 2475 839 2536 tenore
870 2477 1264 2550 praesentium
1315 2476 1752 2534 con-firmamus
1777 2517 1792 2541 ‚
1845 2486 1911 2534 et
1951 2473 2248 2551 approba·

620 2571 760 2612 mus
798 2599 814 2627 ‚
864 2551 1076 2628 illique
1132 2551 1505 2612 inviolabilis
1546 2549 1910 2628 Apostolieae
1957 2552 2250 2610 firmitatis

622 2629 819 2688 robur
844 2631 1195 2708 adjicimuS‚
1229 2649 1562 2705 omnesque
1591 2675 1606 2696 ,
1655 2640 1716 2686 et
1751 2627 2032 2704 singulos
2065 2629 2250 2696 suris,

624 2716 686 2764 et
728 2709 897 2765 Facti
948 2707 1255 2774 defectus,
1295 2709 1342 2764 si
1391 2709 1497 2782 qui
1529 2707 1792 2782 desuper
1827 2707 2038 2764 forsan
2071 2707 2246 2762 inter-

538 2783 546 2790 ’
596 2785 909 2856 menei-int
936 2830 952 2856 ‚
990 2781 1378 2859 supplemus,
1417 2793 1477 2841 et
1503 2803 1812 2842 sanamus·
1853 2789 2252 2840 Decernentae

596 2857 864 2917 easdem
912 2871 1242 2935 praesentes
1277 2861 1548 2932 Litera5‚
1587 2861 1794 2918 firmas
1823 2904 1840 2931 ‚
1888 2858 2152 2931 validam,
2192 2867 2252 2916 et

621 2932 891 2992 efficaces
940 2940 1198 2996 existere
1225 2983 1240 3010 ,
1289 2948 1352 2994 et
1392 2937 1524 2996 sore
1563 2981 1578 3008 ‚
1624 2957 1892 3012 suosque
1950 2934 2246 3012 plenarios

620 3019 685 3068 et
704 3011 975 3086 integros
1007 3013 1257 3072 effectus
1283 3015 1523 3086 sortiri,
1559 3023 1620 3070 et
1649 3013 1936 3072 obtinere
1961 3059 1978 3086 ‚
2013 3034 2082 3072 ae
2109 3011 2244 3084 illis,

619 3085 697 3144 ad
742 3107 895 3162 quos
932 3102 1167 3165 spectat
1192 3137 1210 3165 ‚
1261 3101 1325 3150 et
1355 3099 1485 3168 'pro
1519 3101 1800 3166 tempore
1831 3090 2246 3168 quandocum-

618 3183 740 3240 que
778 3167 1079 3238 spectabit
1114 3213 1130 3236 ‚
1188 3166 1542 3244 plenissime
1581 3167 1905 3244 suffragari
1926 3211 1954 3242 ⁹.
1975 3177 2038 3225 et
2075 3167 2148 3226 ab
2165 3168 2244 3224 eis

616 3242 955 3314 respective
1002 3242 1470 3304 inviolabiliter·
1502 3243 1872 3319 observari3
1917 3245 2132 3319 nicque
2179 3243 2242 3299 in

506 3341 549 3397 f
615 3319 939 3393 praemissis
975 3334 1545 3398 pei-'quoscumque
1571 3322 1810 3380 Judiees
1855 3321 2242 3386 Ordinarios,

618 3405 679 3454 et
705 3394 1024 3474 Delegatos
1044 3441 1061 3476 ,
1101 3401 1287 3456 etiam
1306 3398 1639 3458 Causarum
1664 3396 1892 3463 Palatii
1921 3393 2240 3474 Apostolici
