2384 3992
611 156 734 223 282
1207 151 1661 221 ἉΡΡΕΝΜΧ.

611 284 830 341 copum
867 262 888 337 ζ
935 282 1118 341 quem
1163 272 1481 339 tamquam
1526 269 1995 323 Procuratorem
2035 280 2238 323 meum

613 345 748 401 misi
778 339 855 399 ad
890 338 1366 399 deosculandum
1396 340 1581 419 pedes
1620 350 1804 410 tuos,
1832 349 1896 398 et
1940 338 2019 397 ad
2052 339 2241 416 impe-

614 418 908 477 trandum
958 438 993 475 a
1039 420 1125 475 Te
1169 418 1696 477 confirmationem
1730 418 2001 478 :Virum
2046 417 2241 476 virtu·

617 495 785 553 tibus
808 499 1094 562 ornatum
1121 494 1489 571 ;prudentia
1516 538 1534 566 ‚
1568 496 1796 569 pietate
1816 537 1833 563 ,
1864 502 1927 550 et
1946 492 2245 567 patientia

617 573 686 655 in
733 572 1011 631 excitatis
1058 570 1353 632 adversus
1396 572 1593 649 ipsum
1647 590 1719 627 ex
1758 567 1991 629 invidia
2041 587 2244 643 perse·

620 646 972 707 cutionibus
999 648 1325 721 praeditum
1359 664 1375 701 :
1405 667 1584 723 quem
1607 691 1623 718 ‚
1665 665 1855 723 quum
1891 643 2099 723 adbuc
2122 650 2244 703 Mo·

574 722 582 733 ⁸
619 724 854 784 nachus
911 734 1066 781 esset
1103 768 1119 793 ‚
1173 744 1285 799 ego
1343 735 1549 783 autem
1595 725 1721 797 ipse
1767 716 2247 780 Patriarchalem

621 800 979 875 dignitatem
1019 799 1294 859 nondum
1324 801 1585 859 iniissem
1607 840 1626 864 ,
1672 819 1743 857 ex
1778 796 1963 871 longa
1994 816 2244 857 consue·

623 876 839 936 tudine
863 876 1056 953 probe
1093 877 1384 951 cognovi,
1425 875 1681 950 dignum
1711 876 1974 950 proinde
2004 874 2242 945 censui,

623 963 697 1012 ut
725 951 895 1012 illum
933 953 1009 1011 ad
1043 952 1455 1029 Apostolicam
1486 952 1698 1011 sedem
1732 950 2109 1026 ablegarem.
2134 955 2242 1009 De·

614 1028 804 1087 'cebat
855 1030 1000 1089 sane
1032 1075 1048 1099 ‚
1089 1039 1172 1091 ,ut
1207 1039 1444 1104 egomet
1486 1029 1561 1086 ad
1594 1028 1773 1087 Sacra
1808 1024 2245 1103 Apostolorum

622 1106 861 1165 Limina
923 1104 1227 1165 visitanda
1276 1104 1627 1163 accederem
1669 1105 1948 1165 :Verum
1996 1102 2081 1161 ab
2132 1102 2245 1161 hoc

619 1200 722 1241 me
778 1184 1116 1257 proposito·
1145 1182 1449 1251 detinuit,
1500 1181 1787 1257 primum.
1824 1178 2077 1255 quidem
2137 1180 2243 1238 im·
2284 1234 2295 1241 .

621 1277 833 1317 mensa
858 1257 1132 1317 locorum
1152 1257 1442 1317 distantia
1474 1280 1490 1317 :
1526 1258 1781 1330 deinde,
1808 1258 1953 1333 quia
1990 1276 2247 1329 vereor,

539 1380 545 1385 .
627 1354 706 1392 ne
749 1335 898 1411 quid
944 1334 1299 1393 detrimenti
1330 1354 1424 1393 res
1471 1336 1916 1393 Maronitarum
1950 1326 2247 1409 publicae,

621 1430 726 1471 me
760 1410 1052 1483 absente,
1102 1414 1369 1488 capiant.
1411 1414 1626 1487 Itaque
1664 1420 1922 1485 paterna
1966 1415 2103 1469 Tna
2148 1408 2245 1469 be-

627 1488 928 1563 nignitate
1003 1489 1197 1548 fretus
1230 1534 1247 1559 ‚
1314 1488 1519 1565 etiam·
1562 1497 1748 1561 atque
1812 1487 2001 1544 etiam
2058 1508 2093 1546 r
2172 1507 2245 1559 o,

626 1574 702 1625 ut
728 1567 872 1624 meis
898 1610 914 1639 ‚
959 1585 1106 1624 meae
1125 1566 1432 1636 Rationis,
1460 1572 1645 1639 atque
1670 1558 1954 1639 ablegati
1978 1567 2079 1639 eju
2158 1584 2248 1623 em

626 1642 804 1701 Votis
841 1640 1866 1716 obsecundans‚Pate1·Beatissme,
1899 1649 1965 1698 et
1992 1638 2249 1699 Pallium

617 1716 783 1791 ,mihi
831 1722 1244 1788 t1·ansmittaS‚
1284 1729 1348 1776 et
1394 1715 1643 1791 reliquis
1692 1736 1791 1775 me
1824 1715 2249 1791 spiritualibus

626 1795 1191 1871 temporalibusque
1227 1794 1535 1853 benefieiis
1577 1790 1893 1851 cumulare
1934 1792 2245 1869 digner-ist

627 1888 762 1945 quae
801 1871 1373 1947 quantulacumque
1406 1872 1565 1943 sint,
1605 1872 1665 1928 in
1696 1890 2008 1929 summum
2041 1881 2245 1929 tamen

623 1943 779 2001 mihi
827 1944 1127 2022 honorem
1169 1966 1411 2006 cessura
1472 1945 1797 2021 reputabo.
1854 1952 2005 2005 Meae
2044 1958 2247 2007 antem

612 2028 768 2093 'erga
793 2022 878 2076 Te
899 2066 916 2094 ,
947 2033 1008 2079 et
1033 2027 1317 2081 Sanctam
1345 2022 1557 2081 Sedem
1585 2028 1778 2081 Tuam
1808 2020 2081 2082 demissae
2106 2024 2241 2085 obe-

624 2092 872 2152 dientiae
929 2109 1360 2171 argumentum
1420 2098 1607 2158 habes
1658 2098 2033 2159 Ortbodoxae
2074 2101 2241 2159 Fidei

619 2169 1094 2247 professionem,
1147 2194 1336 2231 manu
1384 2194 1518 2234 mea
1561 2175 1965 2250 subscriptam
1994 2222 2012 2248 ‚
2060 2198 2239 2254 quam

615 2244 757 2320 mibi
801 2250 1071 2307 Nuncius
1113 2269 1285 2308 meus
1326 2246 1663 2311 exhibebit.
1693 2256 1905 2313 Voveo
1928 2253 2097 2312 enim
2122 2297 2142 2326 ‚
2182 2264 2239 2313 et

617 2324 952 2401 promitto,
993 2346 1203 2385 coram
1244 2330 1371 2385 Deo
1398 2338 1458 2387 et
1482 2327 1729 2403 Angelis
1764 2332 1931 2404 ejus,
1977 2350 2078 2401 me
2104 2330 2236 2389 Sedi

615 2395 977 2475 Apostolscae
1015 2412 1077 2460 et
1119 2406 1397 2461 Romano
1422 2406 1709 2463 ‘Pontifici
1766 2424 1959 2481 usque
2012 2404 2093 2464 ad
2140 2426 2230 2467 ex-

617 2487 886 2539 tremum
919 2480 1061 2539 vitae
1079 2481 1365 2556 spiritum
1393 2501 1633 2556 semper
1662 2492 1723 2539 et
1751 2480 1983 2557 ubique
2002 2482 2229 2543 obtem·

613 2566 976 2632 peraturum
1025 2578 1041 2615 ε
1084 2564 1333 2633 operam
1382 2559 1631 2633 insuper
1684 2576 1929 2616 omnem
1978 2554 2225 2620 collatu-

612 2650 754 2689 rum
777 2674 795 2699 ,
839 2643 909 2691 ut
937 2630 1083 2691 huic
1117 2654 1265 2693 meae
1292 2636 1534 2692 Nationi
1555 2679 1571 2705 ‚
1604 2654 1741 2712 quae
1764 2636 2075 2710 perpetuis
2096 2656 2229 2713 erga

611 2708 895 2777 Sanctam
946 2704 1164 2767 Sedem
1204 2707 1351 2769 obse
1399 2711 1479 2769 uii
1528 2721 1592 2768 et
1647 2713 2009 2771 reverentiae
2048 2712 2224 2773 docu-

607 2783 836 2839 mentis
871 2779 1092 2843 ciaruit
1115 2830 1133 2856 ‚
1184 2791 1311 2845 Deo
1374 2797 1631 2861 avente,
1657 2793 1865 2865 Teque
1885 2800 2221 2864 annuente,

607 2859 942 2931 amputatis
985 2855 1490 2935 dissensionibus,
1536 2883 1751 2938 pacem
1784 2884 1855 2922 ac
1884 2865 2220 2943 tranquilli·

605 2940 799 3019 tatem
844 2936 1188 2995 restituam.
1226 2940 1485 3009 luterim
1524 2942 1671 2999 Tnis
1716 2942 1944 3000 sanctis
1974 2944 2221 3019 pedibus

603 3007 832 3071 :terum
861 3008 1281 3073 demississime
1304 3014 1841 3093 osculajdefigens,
1879 3027 1953 3077 ut
1971 3020 2049 3079 ad
2076 3018 2219 3083 mul-

603 3090 700 3140 tos
724 3086 809 3171 [re
839 3104 1036 3146 annos
1060 3088 1429 3151 incolumem
1450 3103 1662 3155 servet
1680 3138 1699 3167 ‚
1740 3090 2214 3169 precibusaneo

603 3158 856 3233 Optimo
911 3164 1170 3223 Maximo
1230 3169 1417 3243 quam
1467 3188 1725 3245 ⁴possum
1788 3169 2212 3237 studiosissime

599 3236 932 3315 contendo.
959 3244 1184 3329 Datum
1226 3244 1327 3303 die
1368 3262 1465 3305 20.
1502 3247 1707 3307 Martii
1746 3242 1915 3323 1756.

1455 3320 1801 3379 Sanctitate&
1844 3322 1992 3381 2&oe
2014 3326 2209 3386 Servus

1358 3394 1583 3457 Tobias
1628 3404 1842 3459 Petrus
1880 3402 2205 3479 Gazenius,

1386 3474 1739 3538 Patriarcha
1764 3478 2199 3543 Antiochenus.
