2384 3992
703 89 1147 160 APPENDIX.
1373 136 1377 140 ,
1645 124 1766 192 299

894 299 1007 356 111.

342 476 441 570 Dil
452 479 617 560 cetis,
630 475 798 539 Filiis
826 477 1183 542 Proceribus
1199 466 1545 546 Maronitis.

281 669 977 756 BENEDICTUS
1034 673 1314 758 PAPA
1375 675 1600 768 XIV.

268 852 494 914 Dilecta·
548 859 697 916 Elii
723 903 740 934 ‚
790 860 1055 921 Salutem
1075 906 1089 933 ,
1142 871 1201 919 et
1245 861 1653 936 Apostolicam

697 934 1195 994 Benedictionem.

135 1061 371 1184 Quam
410 1099 763 1178 praeclaram
796 1102 873 1162 de
920 1085 1125 1168 vestra
1170 1105 1492 1184 omnisque
1519 1108 1759 1188 inclytae

131 1179 575 1240 Maronitarum
592 1180 863 1238 Nationis
880 1177 1195 1238 Catholica
1216 1183 1574 1258 sinceraque
1591 1187 1754 1261 Fide,

132 1267 198 1320 et
224 1257 535 1312 constanti
566 1254 926 1329 Apostolicae
942 1255 1083 1312 huic
1113 1254 1345 1315 Sanctae
1375 1257 1512 1317 Sedi
1551 1260 1753 1323 adhae-

132 1332 313 1390 sione
352 1331 700 1404 opinionem
754 1331 1217 1390 Praedecessores
1264 1335 1456 1392 nostri
1494 1339 1774 1396 Romani*

135 1403 491 1480 Pontifices,
515 1409 753 1482 Nosque
772 1408 883 1482 ipsi
910 1425 1149 1482 semper
1166 1400 1492 1468 habuimus
1511 1451 1528 1482 ,
1565 1415 1760 1486 magis·

132 1484 449 1558 magisque
488 1481 1014 1542 confirmaverunt
1056 1483 1503 1552 humanissimae
1543 1497 1756 1556 vestra

134 1558 331 1618 literae
372 1601 387 1630 ‚
446 1576 595 1631 quas
634 1559 759 1616 una
797 1556 1043 1618 insimul
1078 1577 1217 1622 cum
1265 1557 1458 1617 literis
1487 1565 1753 1621 Venera-

134 1634 359 1694 hilium
404 1637 693 1704 Fran-um
742 1644 874 1694 tum
920 1634 1123 1693 Tobiae
1169 1635 1341 1694 Petri·
1386 1633 1753 1712 Archiepisc.

134 1711 331 1786 Cypri
394 1708 458 1767 in
513 1709 930 1770 Patriarcham
982 1709 1433 1769 Antiochenam
1483 1723 1756 1774 vestrum
1809 1719 1824 1742 ’

134 1785 317 1846 electi
346 1829 364 1857 ‚
404 1793 536 1842 tum
575 1796 931 1844 caeterorum
954 1786 1228 1845 Nationis
1257 1796 1468 1845 vestrae
1495 1788 1753 1848 Antisti·
1783 1781 1804 1824 ¹

134 1873 273 1922 tum
304 1865 662 1936 coniunctas
698 1861 773 1922 ad
810 1867 929 1922 Nos
961 1860 1171 1920 attulit
1194 1862 1577 1928 Venerabilis
1603 1865 1754 1924 item

133 1943 361 2016 Frater
382 1939 688 2000 ‘Ax-senius
716 1938 1208 2014 Archiepiscopus
1249 1937 1599 2014 Heliopolis».
1641 1947 1752 2000 Per

133 2017 303 2090 ipsas
349 2012 493 2071 sane
537 2011 745 2072 literas
775 2025 1006 2076 vestras
1044 2012 1345 2099 explicare
1382 2015 1698 2076 studuistis
1732 2063 1749 2092 ,

130 2102 197 2149 et
235 2087 479 2148 filialem
518 2099 784 2158 uestram
842 2110 982 2166 erg-a
1026 2094 1145 2155 Nos
1172 2133 1204 2163 ν
1242 2101 1304 2148 et
1338 2091 1750 2166 Apostolicam

128 2166 303 2227 hanc
342 2163 623 2226 Sanctam
658 2165 873 2224 Sedem
926 2165 1377 2227 observantiam
1403 2211 1418 2236 ‚
1465 2188 1748 2230 reveren-

131 2245 452 2317 tiamque,
498 2253 561 2302 et
604 2241 973 2308 Electionem
1011 2241 1088 2298 de
1122 2241 1333 2300 eodem
1359 2241 1548 2301 Tobia
1573 2247 1751 2304 Petro

128 2319 201 2377 in
230 2315 644 2378 Patriarcham
680 2318 958 2385 unanimi
994 2325 1473 2374 memoratorum
1501 2320 1748 2380 Antisti-

133 2403 277 2451 tnm
316 2410 644 2466 consensu,
678 2393 989 2468 Vobisque
1028 2389 1464 2466 plaudentibus
1501 2392 1746 2450 factam.

135 2472 267 2530 Nos
320 2478 526 2527 autem
558 2469 745 2532 Vobis
784 2469 1183 2541 omniumque
1229 2465 1444 2524 studiis
1489 2465 1748 2541 benigne

137 2554 487 2604 annuentes
516 2588 532 2616 ‚
592 2543 746 2608 nihil
796 2543 1145 2619 omisimus,
1192 2539 1357 2616 quod
1408 2541 1484 2598 ad
1538 2541 1746 2620 hujus·

136 2621 315 2680 modi
366 2620 675 2694 negotium
719 2617 1067 2695 Apostolica
1126 2619 1495 2701 auctoritate
1541 2628 1748 2679 nostra
1854 2621 1864 2628 ’

134 2697 556 2772 peragendum
594 2741 611 2770 ,
677 2694 1244 2772 conficiendumque
1295 2692 1745 2768 requirebatur.

138 2771 557 2846 Quamobrem
610 2769 727 2830 hoc
788 2792 982 2830 unum
1028 2780 1346 2848 superest,
1399 2780 1473 2828 ut
1503 2770 1698 2832 Vobis
1729 2815 1746 2844 ,

139 2847 353 2907 dilecti
382 2845 515 2906 Filii
540 2891 556 2918 ‚
582 2863 736 2924 quos
759 2860 1015 2925 paterna
1035 2845 1472 2920 Pontificiaque
1497 2849 1750 2908 caritate

139 2922 645 2999 complectimur,
688 2924 767 2982 ab
810 2925 991 2993 Omni
1038 2922 1234 2980 otenti
1279 2926 1405 2979 Deo
1444 2920 1749 2982 bonorum

137 2997 437 3082 largitore
490 2998 864 3058 uberrimam
907 3020 997 3062 coe
1025 3001 1242 3058 estium
1311 2996 1749 3059 charismatum

138 3095 215 3136 co
262 3077 381 3134 iam
420 3094 866 3151 apprecemur3
922 3085 1107 3149 atque
1144 3083 1406 3140 vestram
1460 3073 1749 3148 pietatem

138 3095 621 3226 religionemque
648 3153 880 3210 meritis
914 3149 1195 3211 laudibus
1223 3147 1618 3208 celebremus.
1646 3156 1748 3209 In·

137 3225 328 3288 terim
350 3270 367 3299 ,
405 3225 622 3286 Dilecti
668 3226 801 3286 Filii
830 3271 847 3300 ,
890 3225 1079 3287 Vobis
1114 3223 1521 3300 Apostolicam
1557 3229 1746 3284 Bene·

140 3303 473 3366 dictionem
496 3348 512 3380 ‚
550 3322 817 3380 perenne
851 3312 1070 3365 nostrae
1108 3321 1249 3376 erga
1277 3302 1749 3437 Vgs'zpraecipuae
