2384 3992
527 131 656 200 568
1121 129 1553 215 APPENDJX

527 241 758 310 vitate,
799 235 1216 298 nummularia
1250 245 1635 309 exet-centnm,
1674 233 1857 312 longe
1906 235 2169 312 amplioi

528 336 660 386 rem
697 313 814 374 sibi
855 315 1357 372 existimationem
1408 331 1593 386 supra
1622 307 1771 370 alias
1805 331 2165 387 praememo-

531 401 696 451 ratas
755 400 918 448 artes
985 389 1483 466 comparaverint
1528 409 1545 446 ε
1588 387 1736 446 Ideo
1793 408 1909 465 pro
1982 399 2169 466 parte

532 464 842 536 dictorum
903 463 1478 524 Nummulariorum
1517 506 1533 533 ,
1596 482 1705 522 seu
1758 466 2177 536 Campsorum

533 541 722 602 Nobis
760 541 878 606 fuit
907 539 1227 600 humiliter
1271 535 1676 616 supplicatum
1700 583 1717 612 ‚
1809 539 2072 598 uatenhs
2100 543 2173 602 iu

535 638 752 676 eorum
808 607 1044 676 decoris
1099 615 1561 690 honestatisque
1596 633 1775 690 comp
1803 624 2117 673 emeritum
2149 659 2171 688 ‚

499 695 844 770 ·ipsiusque
887 691 1239 760 commercii
1282 691 1671 768 profectum„
1713 700 1839 748 tam
1876 691 2035 766 ipsos
2067 693 2168 748 ex'-

535 781 881 848 ponentes,
941 769 1130 843 quam
1187 765 1338 825 alios
1386 785 1501 842 pro
1544 763 1828 848 tempore
1884 767 1947 822 in
2001 764 2175 825 dicta

537 847 804 906 'Civitate
831 841 1319 906 Nummulariam
1350 851 1697 900 exercentes
1718 887 1735 914 ,
1764 861 1797 899 e
1834 841 2019 898 tertio
2040 885 2055 912 ,
2087 841 2173 900 ad

539 920 874 984 secundum
921 919 1167 994 praefati
1218 913 1477 978 Consilii
1532 915 1811 976 ordinem
1868 917 2173 993 perpetuo

543 993 882 1058 transferre
909 994 1325 1070 dignaremur.
1500 1041 1521 1064 ,

647 1076 769 1131 Nos
825 1072 1012 1145 igitur
1062 1066 1500 1140 attendentes,
1562 1068 1751 1142 quarn
1804 1087 2047 1144 aequum
2089 1069 2176 1128 sit

543 1157 1086 1222 opportunumque
1111 1145 1187 1203 ad
1215 1141 1661 1205 Commercium
1682 1145 1743 1202 in
1765 1143 2137 1204 Civitatibus
2154 1187 2177 1217 ‚

544 1235 607 1282 et
639 1223 974 1284 Provinciis
1006 1220 1341 1281 fovendum
1361 1265 1379 1290 ,
1414 1217 1959 1296 ampliandumque
1980 1261 1997 1292 ,
2029 1224 2175 1278 Per·

544 1317 726 1366 sonas
767 1293 833 1356 in
879 1299 1077 1372 ipsum
1108 1293 1434 1372 diligenter
1463 1339 1480 1370 ,
1524 1295 1895 1370 honesteque
1932 1293 2177 1356 incum-

544 1373 762 1434 bentes
818 1375 1102 1448 congruis
1161 1371 1503 1432 honoribus
1544 1391 1668 1429 non
1718 1369 2043 1444 fraudari,
2110 1382 2185 1441 et

547 1449 876 1510 Pontificiae
914 1446 1365 1508 'munificentiae
1422 1445 1739 1510 favoribus
1792 1445 2043 1522 attolli;
2100 1467 2181 1507 ac

549 1527 738 1585 etiam
766 1522 1603 1584 inhaerentes'Constitutioni
1636 1520 1824 1580 felicis
1854 1523 2039 1582 etiam
2076 1543 2181 1582 re-

547 1602 922 1673 cordationis
981 1600 1319 1662 Clementis
1376 1603 1549 1674 Papae
1596 1603 1672 1658 X.
1718 1599 2187 1675 Praedecessoris

548 1680 783 1754 pariter
821 1679 1066 1752 Nostri,
1111 1697 1225 1751 per
1258 1696 1381 1752 qua
1408 1667 1731 1734 Nobilibus
1761 1693 2009 1750 quoque
2036 1677 2181 1744 Per,-

553 1756 718 1814 'sonis
773 1755 836 1814 in
892 1764 1022 1826 tota
1067 1753 1387 1826 Pontificia
1435 1749 1757 1826 temporali
1800 1751 2047 1812 Ditione
2080 1771 2183 1812 ex·

599 1829 757 1889 resse
803 1831 1166 1907 permissum
1218 1827 1335 1888 fuit
1362 1874 1379 1901 ‚
1426 1838 1499 1888 ut
1541 1825 1772 1902 absque
1827 1826 2187 1900 Nobilitatis·

552 1849 836 1980 fassione,
879 1906 1275 1974 mercaturis,
1316 1925 1393 1965 ne
1434 1899 1829 1974 otiationibus
1858 1949 1874 1976 ,
1914 1915 1977 1962 et
2014 1923 2187 1963 com·

555 1982 799 2049 merciis
833 2003 1052 2045 vacare
1077 1983 1313 2056 possint
1338 2004 1356 2057 ς
1416 1981 1699 2058 ,ictorum
1726 1977 2187 2058 Nummularior

556 2075 697 2124 rum
745 2097 764 2128 ‚
821 2077 928 2116 seu
981 2061 1386 2130 Campsorum
1414 2101 1433 2130 ,
1484 2057 1765 2133 quamvis
1830 2052 2188 2130 Nobilitatis

555 2130 752 2206 gradu
793 2175 810 2203 ,
878 2143 942 2192 et
988 2131 1231 2208 iuribus
1290 2153 1683 2214 nequaquam
1729 2132 2128 2208 gaudentium
2165 2177 2186 2206 ,

557 2208 722 2268 ‚votis
775 2208 838 2266 in
891 2208 1006 2266 hac
1057 2217 1235 2283 parte
1278 2229 1589 2274 annuere.
1624 2208 1831 2284 eisque
1860 2205 2190 2284 specialem

561 2284 819 2358 gratiam
876 2284 1077 2344 facere
1136 2281 1411 2342 volentes
1444 2328 1463 2358 ‚
1530 2303 1754 2362 eosque
1795 2290 1831 2344 a
1868 2279 2189 2360 quibusvis

559 2360 1209 2438 excommunicationis
1235 2405 1252 2432 ,
1294 2371 1357 2421 et
1394 2357 1747 2427 interdicti,
1786 2360 2039 2436 aliisque
2067 2365 2184 2422 Ec.-

559 2431 910 2498 clesiasticis
941 2438 1327 2510 sententiis,
1386 2438 1693 2513 censuris,
1736 2448 1799 2498 et
1848 2438 2044 2512 poenis
2078 2481 2095 2510 ,
2148 2456 2193 2494 a

559 2517 752 2590 jure,
803 2511 906 2574 vel
959 2513 1039 2574 ab
1096 2511 1347 2582 homine
1402 2515 1617 2590 quavis
1669 2515 1987 2578 occasione
2018 2551 2038 2578 ‚
2084 2509 2192 2574 vel

559 2610 746 2659 ‚causa
785 2587 924 2650 latis
959 2635 978 2666 ‚
1021 2590 1075 2650 si
1126 2589 1349 2665 quibus
1399 2586 1859 2666 quomodolibet
1904 2585 2231 2662 innodati*

561 2668 870 2732 existunt,
911 2667 989 2725 ad
1021 2663 1305 2724 effectum
1331 2667 1725 2740 praesentium
1764 2674 2011 2727 tantum
2043 2683 2195 2725 con·

561 2743 944 2816 sequendum
973 2787 990 2816 ‚
1042 2745 1267 2808 harum
1310 2744 1466 2820 serie
1501 2739 1887 2812 absolventes
1914 2791 1930 2813 ‚
1971 2751 2034 2801 et
2080 2739 2193 2811 ab,-

557 2813 799 2894 ¹,solutos
852 2821 982 2878 fore
1027 2827 1380 2890 censentes,
1418 2819 1495 2878 de
1548 2818 1802 2878 consilio
1847 2819 2034 2887 etiam
2084 2819 2195 2892 Di?

564 2891 713 2962 lecti
783 2895 922 2954 Filii
992 2899 1199 2960 Nostri
1272 2899 1523 2956 Joannis
1590 2897 1899 2955 Francisci
1981 2893 2198 2968 Sancti

565 2969 821 3031 Adriani
865 2971 928 3030 S.
975 2975 1050 3031 R.
1097 2977 1168 3032 E.
1210 2972 1461 3040 Diaconi
1522 2971 1869 3050 Cardinalis
1920 2969 2197 3044 Banche·

567 3047 650 3112 rii
703 3049 1046 3122 nuncupati
1087 3091 1104 3117 ,
1163 3049 1370 3114 Nostri
1412 3093 1429 3120 ,
1492 3057 1555 3108 et
1620 3047 1787 3122 Sedis
1830 3044 2199 3123 Apostolicae

569 3123 633 3182 in
661 3123 928 3190 civitate
958 3133 1020 3182 et
1037 3125 1354 3187 Provincia
1381 3123 1727 3189 Ferrarien.
1747 3126 1949 3201 Legati
1972 3169 1989 3196 ,
2027 3142 2199 3182 nunc

568 3199 916 3270 existentis,
933 3198 1146 3258 audito
1165 3220 1411 3277 quoque
1434 3201 1695 3277 desuper
1712 3199 1951 3268 Dilecto
1966 3199 2207 3276 pariter

571 3273 729 3340 Filio
765 3274 1119 3346 Marchione
1156 3278 1479 3336 Francisco
1514 3277 1873 3354 Calcagnini
1899 3275 2205 3348 moderno

569 3352 786 3430 ,Judice
831 3353 1190 3430 ‘Sapientum
1218 3396 1238 3428 ‚
1298 3353 1569 3430 eiusdem
1626 3354 1912 3430 Civitatis
1959 3347 2205 3412 Nostra}

1839 3427 2201 3488 Ferrarien.
