2384 3992
932 170 1402 237 GENERALIS.
1987 180 2106 242 αἴῃ

234 278 316 341 ad
360 278 646 339 effectum
667 274 1079 347 'contrahendi
1106 281 1562 341 Matrimonium
1595 302 1736 341 cum
1767 282 1957 344 fideli.

239 354 334 415 16.
359 358 659 413 Ianuarii.
1567 348 1579 358 ’
2037 361 2116 441 69

154 430 313 505 118.
336 438 487 493 Esus
544 432 843 493 Carnium
916 431 1135 494 diebus
1185 432 1485 492 sabbathi
1549 454 1661 509 per
1722 457 1960 496 annum

228 511 615 587 permittitur
651 512 712 567 in
751 510 974 583 Regnis
1014 508 1335 578 Castellae,
1385 511 1664 587 Legionis
1689 557 1707 587 ,
1754 524 1815 572 et
1855 518 1957 573 In-

228 586 500 647 diarum.
566 586 663 644 23.
692 586 993 642 Janaarii.
1613 618 1626 625 ’
2038 592 2109 670 73

156 680 291 741 119.
338 668 427 721 De
476 662 685 721 Rotuli
720 662 1056 737 partitione
1094 662 1260 721 inter
1303 666 1359 720 S.
1391 666 1560 721 R.E.
1598 662 1960 725 Cardinales

233 744 301 799 in
344 738 511 799 Urbe
564 738 903 798 residentes
939 738 1373 798 tantummodo
1410 738 1689 813 facienda
1709 762 1728 815 3
1761 741 1961 817 deque

228 820 359 875 'non
405 815 809 874 residentium
855 834 1096 875 accessu
1134 816 1212 875 ad
1243 817 1464 891 Curia,
1510 827 1695 892 atque
1725 836 1963 877 recessu

237 902 356 951 etc.
404 892 464 949 3.
508 891 837 948 Februarii.
2037 914 2107 970 77

164 988 297 1029 120.
342 967 690 1027 Declaratio
713 987 896 1043 super
916 968 1376 1027 Constitutione
1402 1012 1420 1041 ‚
1444 988 1576 1043 quae
1605 968 1821 1045 incipit
1855 968 1964 1025 Sa-

234 1054 604 1101 cramentum
632 1044 1017 1101 Poenitentioe
1044 1082 1061 1119 -,
1104 1036 1396 1105 ad'versus
1447 1034 1868 1104 sollicitante&
1899 1041 1960 1101 8.

236 1120 569 1178 Februarii.
805 1123 809 1127 ”
1126 1158 1137 1173 ι
2038 1119 2112 1177 82

166 1217 302 1255 121.
344 1202 609 1257 Annuus
653 1202 895 1263 ,Census
945 1199 1346 1259 constituitur
1401 1218 1518 1273 pro
1567 1199 1745 1260 sartis
1785 1198 1964 1259 tectis

239 1273 506 1335 Basilicae
556 1274 619 1332 S.
656 1275 857 1333 Mariae
897 1276 1167 1349 Maioris·
1209 1294 1301 1332 11.
1346 1274 1678 1334 Februarii.
2041 1266 2118 1326 86

170 1368 303 1409 122.
346 1356 436 1410 De
461 1353 850 1427 processione
876 1348 1145 1425 generali
1183 1352 1246 1407 in
1276 1348 1663 1410 solemnitate
1687 1350 1788 1409 SS.
1817 1355 1970 1409 Cor-

245 1429 412 1503 poris
465 1422 690 1487 Christi
739 1439 1017 1503 tempore
1062 1426 1426 1501 Apostolicae
1462 1428 1636 1487 Sedis
1675 1424 1968 1491 Vacantis

244 1509 308 1563 in
345 1503 511 1563 Urbe
554 1504 923 1579 peragenda.
966 1501 1058 1561 rei.
1090 1502 1417 1559 Februarii.
1982 1562 2001 1570 ἢ
2043 1496 2118 1575 95

166 1578 473 1639 Schedula
514 1586 713 1639 Motus
756 1580 993 1655 Proprii
1019 1625 1035 1651 ,
1071 1579 1147 1639 de
1178 1599 1300 1654 qua
1328 1578 1398 1637 fit
1439 1580 1672 1637 mentio
1701 1580 1760 1638 in'
1796 1582 1963 1637 Con-

244 1658 589 1729 stitutione.
629 1653 718 1713 18.
749 1657 985 1713 Marcii.
2006 1651 2113 1708 103

180 1732 311 1793 123.
357 1732 682 1791 Jubilaeum
724 1753 837 1807 pro
891 1730 1070 1790 Italia
1104 1770 1120 1797 ,
1168 1742 1232 1790 et
1268 1729 1491 1789 Insulis
1539 1729 1966 1807 adjacentibus

238 1830 595 1869 concessum
646 1807 1002 1869 extenditur
1072 1807 1151 1867 ad
1219 1807 1502 1884 'Regnum
1563 1802 1960 1867 Galliae.·18.

248 1885 578 1943 Februarii.
2009 1882 2114 1940 108

177 1960 306 2045 124.
351 1968 439 2021 De
478 1960 715 2021 Jubilaei
774 1962 1181 2022 concessione
1217 1980 1334 2037 pro
1371 1960 1878 2036 Regno'Galli'ae‚
1925 1981 1962 2019 a

252 2046 425 2117 cujus
449 2037 851 2115 Indulgentiae
887 2039 1186 2099 beneficio
1224 2036 1638 2099 excluduntur
1672 2039 1962 2099 refracta·

251 2116 347 2173 rii.
390 2135 481 2173 20.
529 2116 857 2175 Februarii.
1451 2122 1458 2131 “
2010 2130 2114 2172 110

176 2190 305 2249 125.
351 2190 729 2254 Clericorum
794 2191 1187 2269 Regularium
1260 2194 1663 2251 Teatinorum
1731 2190 1958 2249 Ordini
2031 2239 2037 2243 .

242 2288 403 2328 unus
436 2268 605 2329 locus
624 2271 1011 2329 Consultoris
1043 2272 1103 2327 in
1128 2269 1617 2341 congregatione
1639 2270 1963 2326 Sacrorum

244 2347 501 2403 Rituum
547 2346 847 2419 perpetui)
890 2344 1282 2401 attribuitur.
1311 2362 1407 2401 20.
1447 2342 1684 2397 Marcii.
2007 2360 2109 2398 112

176 2417 309 2477 126.
353 2418 642 2493 Capitulo
704 2417 991 2476 Generali
1054 2422 1344 2475 Fratrum
1409 2418 1820 2473 Eremitarum
1895 2424 1954 2476 S.

246 2495 576 2570 Augustini
635 2492 893 2553 facultas
945 2492 1305 2550 conceditur
1360 2490 1619 2566 eligendi
1675 2491 1961 2569 deinceps

244 2574 518 2631 Priorem
547 2567 909 2629 Generalem
937 2569 1015 2629 ad
1043 2572 1232 2630 vitam
1258 2570 1322 2626 in
1341 2568 1556 2627 Officio
1576 2588 1954 2628 mansurum.

248 2648 347 2706 31.
381 2646 620 2717 Martii.
1235 2687 1248 2697 ,
1649 2676 1662 2689 .

178 2742 308 2803 127.
350 2723 713 2785 Providetur
740 2722 1062 2800 ''Regimini
1107 2723 1443 2793 civitatum
1471 2764 1488 2792 ‚
1545 2730 1606 2778 et
1657 2723 1958 2783 Locorum

245 2803 497 2861 ditionis
530 2800 955 2861 Ecclesiasticae
972 2846 988 2875 ,
1022 2802 1346 2862 eveniente
1364 2796 1541 2857 obitu
1561 2797 1972 2859 Gubernato··

245 2900 410 2937 rum.
458 2897 511 2935 1.
550 2876 803 2953 Aprilis.
2002 2896 2106 2936 120

130 2957 137 2961 ’
178 2953 307 3016 128.
350 2954 671 3015 Indultum
710 2952 967 3015 vacandi
1001 2952 1288 3029 operibus
1317 2950 1640 3012 servilibus
1666 2997 1683 3023 ‚
1737 2950 1952 3009 diebus

246 3031 395 3091 alias
426 3032 501 3089 de
537 3043 875 3107 praecepto,
915 3027 1010 3090 vel
1040 3052 1107 3089 ex
1148 3042 1293 3091 voto
1330 3029 1562 3090 festivis
1587 3072 1606 3103 2
1650 3047 1764 3103 pro
1792 3028 1946 3109 Dice‘-

246 3111 364 3168 ces'i
396 3109 677 3167 Niciensi.
721 3128 810 3166 11.
834 3107 1087 3183 Aprilis.
1930 3145 1935 3150 -

180 3204 307 3265 129.
350 3187 686 3244 Instructio
717 3204 904 3261 *super
933 3182 1135 3243 dubiis
1170 3182 1249 3243 ad
1291 3184 1467 3243 Ritus
1510 3178 1787 3241 Ecclesiae
1823 3224 1840 3253 ,
1891 3189 1953 3237 et

246 3263 529 3323 Nationis
580 3262 965 3337 Cophtorum
1010 3260 1462 3337 pertinentibus
1491 3304 1507 3329 ‚
1555 3258 1632 3316 de
1676 3266 1954 3339 tempore

248 3338 603 3399 conferendi
644 3343 1103 3403 Sacramentum
1143 3335 1658 3407 confirmationis,
1703 3334 1953 3409 ejusque

247 3417 569 3475 Ministro:
599 3421 685 3475 De
720 3416 1084 3495 recipiendis
1110 3415 1186 3475 ad
1213 3414 1726 3478 communionem
1752 3414 1956 3471 Pasto-

228 3554 233 3559 ,
318 3493 464 3550 Tom.
522 3492 670 3551 ΧΙΙ.
927 3506 935 3513 ·
1209 3562 1214 3567 ⁸
1427 3553 1441 3565 ,
1658 3488 1707 3564 Τ

2003 2641 2108 2706 115

2000 3105 2106 3164 125
