2384 3992
626 99 751 162 320
1253 91 1688 160 'APPENDIX

624 205 747 259 rius
774 199 1075 278 dispensat
1100 201 1164 256 in
1193 201 1577 256 matrimoniis
1608 210 1737 255 tum
1765 201 2122 276 contractis,
2140 215 2240 260 tum

625 275 1036 334 contrahendis
1066 296 1178 352 pro
1190 274 1335 351 foro
1370 277 1594 331 interno
1619 321 1636 348 ,
1673 277 1994 333 commisso
2041 279 2237 334 adulte.

630 355 750 424 rio,
794 351 903 408 sed
938 362 1156 410 neutro
1187 350 1616 426 machinante3
1666 353 1894 408 Verum
1931 356 1989 409 si
2027 355 2242 430 impedi-

630 439 895 485 mentum
919 427 1140 482 oriatur
1172 445 1244 482 ex
1278 426 1562 482 adulterio
1587 471 1602 498 ‚
1635 437 1907 502 utroque
1949 427 2052 490 vel
2080 429 2239 490 altero

632 504 1025 564 machinante
1061 549 1077 574 ,
1145 503 1333 578 sitque
1387 502 1679 558 occultum
1709 549 1725 576 ,
1785 502 1976 559 liabet
2038 507 2243 582 quidem

634 583 843 653 Major
886 578 1376 635 Poenitentiarius
1413 576 1775 654 facultatem
1827 579 2207 655 dispensandi
2229 631 2242 656 ,

637 657 781 716 τετὸ
812 666 1015 713 tamen
1037 698 1053 726 ,
1100 663 1157 708 et
1182 671 1411 728 semper
1423 673 1535 734 pro
1547 651 1688 734 soro
1723 655 1970 710 tantum
2012 658 2244 728 interne,

635 731 729 788 his
767 750 994 809 quoque
1034 729 1276 788 servatis
1294 774 1310 800 ,
1347 739 1414 784 ut
1438 730 1637 804 gravis
1675 743 1998 788 concurrat
2029 736 2244 789 necessi-

637 820 730 864 tas
758 854 774 880 ,
820 817 927 862 aut
952 824 1132 882 grave
1179 805 1486 860 immineat
1510 807 1842 880 periculum
1859 847 1878 871 ,
1927 819 1988 862 et
2026 829 2165 864 casu
2198 813 2245 862 in

624 883 813 960 plena
835 881 1288 958 Congregatione
1307 919 1326 944 ,
1346 891 1454 935 aut
1474 883 1960 938 Poenitentiarioe
1974 884 2247 961 signatura

629 960 939 1034 proposito⁸
976 955 1267 1014 Videatur
1291 955 1629 1012 Constitutio
1662 968 1866 1013 nostra
1896 960 2106 1016 XCV.
2127 1006 2142 1032 ‚
2164 965 2244 1018 Pa-

640 1047 771 1094 stor
803 1034 1002 1092 bonus
1039 1034 1200 1088 Tom.
1238 1051 1289 1088 1.
1317 1034 1499 1086 nostri
1516 1033 1778 1090 Bullarii
1801 1035 1856 1102 ᾗ.
1890 1033 2000 1110 44.
2039 1035 2248 1116 (Hujus

644 1109 817 1170 Edit.
850 1110 982 1168 Vol.
1021 1127 1079 1165 2.
1116 1124 1268 1185 pag.
1314 1103 1494 1185 226.)
1764 1135 1768 1140 ·

584 1851 615 1874 ,ι
725 1809 867 1866 XV
856 1808 910 1864 Ι.
930 1809 1240 1866 Hactenus
1265 1809 1328 1862 in
1357 1803 1616 1864 medium
1644 1805 1836 1863 allata
1852 1805 2092 1864 abunde
2115 1827 2240 1863 com·

549 1940 564 1952 „
653 1891 978 1939 monstrant
1018 1904 1138 1940 non
1178 1895 1384 1939 temere
1418 1903 1527 1957 pm
1583 1881 1786 1957 regula
1844 1883 2209 1940 statuendum
2232 1924 2244 1946 ,

650 1958 813 2036 quod
838 1957 1146 2031 prohibitis
1178 1959 1338 2036 Lege
1389 1958 1579 2014 solum
1607 1958 1868 2031 positiva
1903 2005 1920 2032 ‚
1985 1979 2103 2014 non
2135 1959 2243 2015 verb

651 2033 913 2088 naturali
939 2034 1042 2090 vel
1061 2035 1291 2091 Divina
1311 2075 1332 2100 ‚
1365 2032 1684 2109 demgandi
1702 2033 1896 2107 plena
1939 2047 1996 2089 et
2019 2055 2134 2090 noc,
2157 2036 2240 2088 cir·

650 2107 1003 2180 cumscripta
1054 2109 1131 2162 sit
1176 2109 1457 2182 Pontifici
1498 2111 1772 2164 Romano
1821 2109 2061 2166 libertas
2101 2132 2119 2161 :
2151 2111 2241 2164 imo

650 2181 927 2256 exemplis
976 2183 1250 2239 adductis
1275 2183 1432 2239 illud
1463 2183 1710 2259 adjungi
1735 2196 1932 2258 potest
1966 2186 2039 2240 de
2075 2187 2243 2242 Missa

653 2258 985 2316 sedentaria
1016 2261 1140 2314 unci
1163 2279 1300 2314 cum
1339 2259 1573 2316 Canone
1593 2258 1949 2318 celebranda
1980 2285 1998 2316 :
2018 2279 2242 2337 namque

656 2336 871 2391 Missa>
904 2333 1081 2409 hujus
1119 2345 1485 2412 oppugnator
1503 2337 1888 2392 concessionis
1914 2337 2120 2394 similis
2139 2355 2242 2412 me<
2347 2265 2350 2409 Ι

658 2411 903 2466 moriam
938 2409 1107 2468 haud
1144 2422 1338 2466 extare
1373 2409 1686 2467 contendit.

1360 2545 1402 2566 -ἱ

2346 2737 2347 2758 l

736 2787 955 2848 XVII.
984 2789 1192 2868 N'eque
1225 2789 1391 2848 dictis
1413 2789 1602 2864 obest,
1631 2789 1793 2868 quod
1822 2789 2244 2866 dispensationis

662 2865 947 2936 ejusmodi
994 2865 1298 2946 denegatio
1346 2865 1625 2942 impediat
1673 2887 1964 2943 magnum
2011 2866 2208 2922 bonum
2229 2903 2244 2928 ,

662 2939 1110 3014 aedificationem
1152 2943 1429 2998 nimirum
1452 2943 1663 3017 populi
1708 2962 1779 2997 ex
1819 2945 1882 3000 E
1923 2943 2100 3018 iscopi
2125 2941 2244 2996 cele·

661 3014 915 3071 bratione
953 3060 971 3089 ‚
1020 3019 1433 3096 qualicumque
1485 3019 1724 3073 demum
1775 3038 1859 3073 va
1921 3029 2006 3072 ret
2049 3016 2200 3072 modo
2231 3054 2246 3083 ,

647 3104 894 3165 peracta
932 3139 948 3164 ‚
975 3158 987 3170 υ
989 3103 1406 3169 proventuram
1421 3117 1448 3165 ;
1492 3112 1746 3170 namque
1799 3093 2113 3168 oediy‘icatio
2163 3089 2247 3145 illa
2344 3137 2345 3152 ἓ

661 3170 1004 3246 neutiquam
1053 3169 1340 3224 obtinetur
1363 3211 1383 3237 ,
1442 3190 1578 3225 cum
1630 3167 2096 3246 dispensationes
2141 3170 2247 3222 istae

659 3243 989 3299 celebrandi
1028 3244 1284 3299 sedendo
1312 3290 1328 3316 ,
1379 3255 1608 3320 excepto
1659 3255 1912 3318 tempore
1973 3243 2247 3310 Οαηοηίε,

661 3319 991 3376 clausulam
1021 3317 1358 3376 contineant
1385 3366 1400 3393 ,
1434 3331 1502 3377 ut
1541 3321 1740 3380 Missa
1771 3321 1835 3374 in
1865 3321 2097 3395 privato
2125 3318 2248 3374 Ora·

2217 3389 2250 3446 i!
