2384 3992
602 108 728 176 402
1233 98 1664 180 APPENDIX

602 211 1068 295 approbationis
1095 256 1112 285 ‚
1164 222 1229 271 et
1265 213 1751 275 confirmationis
1799 214 2035 280 robora
2084 237 2230 280 com·

598 295 870 355 munitas
897 337 914 363 ‚
946 290 1024 350 ad
1070 289 1428 365 praedictum
1469 290 2025 370 Archiepiscopum
2049 305 2231 356 trans·

601 371 946 440 mittimus3
989 366 1351 427 mandantes
1404 367 1639 438 eidem,
1681 380 1752 428 ut
1810 371 1873 429 in
1913 391 2232 433 occurren·

600 446 769 506 tibus
815 443 1055 504 casibus
1088 445 1251 501 circa
1290 463 1580 518 personas
1606 447 1899 520 exipsius
1940 450 2237 522 Civitate,

602 534 717 582 aut
762 522 1015 581 Dioecesi
1049 517 1344 578 oriundas
1374 563 1392 590 ,
1434 537 1542 578 seu
1575 518 1722 580 alias
1750 523 1821 581 in
1856 526 2063 583 causis
2093 533 2233 603 ejus·

599 600 745 658 dem
774 598 1010 674 generis
1035 596 1113 654 ad
1142 593 1304 654 illius
1334 596 1636 672 judicium
1671 597 1961 673 legitime
1985 599 2231 675 delam,

601 682 775 752 juxta
822 671 1175 732 earumdem
1217 673 1590 733 Litterarum
1638 676 2136 746 continentiam,
2180 690 2241 739 et

606 762 886 811 tenorem
937 749 1232 808 decernat
1270 792 1287 820 ,
1343 748 1575 824 judicet
1602 794 1618 821 ‚
1686 761 1876 827 atque
1940 753 2231 830 definiat,

605 827 932 888 contrariis
969 826 1458 904 quibuscumque
1489 846 1618 885 non
1651 827 2080 890 obstantibus.

685 902 986 965 Volumus
1021 912 1230 961 autem
1249 947 1264 972 ‚
1292 911 1364 960 ut
1384 947 1400 973 ‚
1445 903 1509 961 in
1551 914 1774 962 nostrae
1801 903 1997 981 hujus
2025 926 2226 982 appro-

606 981 912 1052 bationis,
945 995 1009 1038 et
1041 978 1527 1038 confirmationis
1552 993 2066 1055 monumentum,
2095 1003 2226 1058 prat·

607 1057 795 1116 sontis
822 1057 1058 1114 Decreti
1083 1055 1277 1113 nostri
1301 1052 1575 1131 exempla
1589 1097 1605 1125 ‚
1623 1076 1660 1114 a
1674 1057 1862 1116 Nobis
1875 1057 2226 1134 subscripta,

606 1134 672 1192 in
707 1133 877 1190 Actis
903 1131 1408 1206 congregationis
1450 1132 1921 1192 venerabilium
1952 1140 2232 1195 Fratrum

607 1217 963 1267 nostrorum
992 1211 1053 1266 S.
1080 1211 1155 1266 R.
1183 1211 1250 1263 E.
1281 1207 1708 1268 cardinalium
1749 1210 2042 1286 praedicti
2083 1217 2230 1272 Con·

608 1281 733 1343 eilii
770 1282 1120 1344 Tridentini
1156 1288 1606 1358 Interpretum,
1643 1305 1891 1348 necnon
1917 1289 1980 1346 in
2011 1300 2234 1348 secreto

607 1358 883 1420 Archivo
932 1370 1144 1419 nostro
1186 1361 1489 1421 Vaticano
1536 1373 1928 1440 reponantur
1961 1409 1983 1440 ,
2034 1364 2233 1442 ibique

606 1436 906 1514 perpetui>
936 1445 1350 1495 asserventur.

690 1518 917 1575 Datum
939 1517 1145 1570 Romae
1174 1510 1336 1586 apud
1354 1516 1638 1572 Sanctam
1658 1516 1918 1575 Mariam
1950 1523 2231 1594 Maiorem

515 1663 518 1666 Ι
612 1587 714 1662 die
750 1610 869 1648 xix.
909 1589 1110 1649 Martii
1139 1593 1574 1653 MDCCLVIII.
1600 1593 2002 1654 Pontificatus
2035 1597 2232 1656 Nostri

611 1669 791 1725 Anno
836 1666 1081 1724 Decimo
1118 1668 1379 1724 octavu.

686 1747 780 1802 Ita
811 1741 1192 1809 decernimus
1213 1786 1230 1816 ,
1262 1751 1322 1799 et
1361 1741 1744 1803 mandamus.

1247 1851 1394 1908 BEN
1399 1855 1728 1914 EDICTUS
1763 1857 1963 1918 PAPA
2004 1861 2166 1921 XIV.
