2384 3992
540 126 667 195 380
1166 126 1609 191 APPENDIX

537 233 635 294 lus
664 240 756 293 est
808 238 847 299 Ζ
900 232 989 288 Di
1016 251 1121 288 esa
1144 231 1304 289 della
1327 230 1587 293 secanda,
1606 238 1777 305 parce
1805 227 1966 286 della
1991 230 2192 289 Storia

534 310 642 367 del
672 308 901 385 Popolo
976 312 998 365 ἱ
1041 310 1162 367 Dio
1194 308 1296 367 del
1333 307 1539 372 Padre
1569 308 1889 383 Bet-mycr,
1927 307 2194 364 tradotta

538 386 649 443 dal
672 387 965 443 Francese
994 397 1105 445 etc.
1132 388 1250 449 Vix
1277 386 1398 444 dici
1431 394 1667 460 potest,
1704 395 2011 459 quantum
2041 384 2190 443 inde

542 461 933 535 offensioni5‚
995 474 1057 522 et
1100 462 1372 523 scandali
1415 464 1812 537 conceperint
1877 460 2065 539 boni,
2113 481 2190 523 ac

540 544 741 599 Deum
777 542 1063 598 timentes
1097 547 1393 617 cujusque
1419 538 1643 614 gradus
1668 584 1684 610 ‚
1717 548 1778 595 et
1809 538 2190 597 conditionis

541 614 860 686 hominem,
902 638 1169 693 quorum
1211 623 1400 693 justas
1451 634 1521 673 ea
1565 614 1642 673 de
1677 634 1744 671 re
1783 612 2062 690 querelas
2105 614 2188 673 ad

541 692 981 769 Apostolatum
1034 694 1327 752 Nostrum
1364 690 1607 751 'delatas
1655 690 1864 750 debita
1908 690 2190 749 conside·

546 772 791 829 ratione
830 780 1190 846 pensantes,
1229 789 1309 829 ne
1347 768 1545 827 officio
1591 770 1810 827 Nostro
1852 767 2056 827 deesse
2092 770 2188 827 vi-

548 846 869 919 deremur,
908 846 1109 905 adacti
1145 866 1355 905 sumus
1385 848 1768 903 committere
1799 842 2185 905 Venerabili-

546 922 666 983 bus
708 923 1027 982 Fratribus
1064 923 1296 982 Nostris
1337 920 1610 997 ejusdem
1653 920 1712 977 S.
1742 926 1817 979 R.
1853 926 1923 997 E.
1955 920 2188 979 Cardi-

547 997 795 1059 nalibus
840 1001 901 1057 in
932 1010 1059 1057 tota
1102 996 1437 1075 Republica
1479 998 1832 1076 Christiana
1867 995 2186 1056 Generali-

546 1074 667 1134 bus
709 1075 1181 1150 Inquisitoribus
1239 1074 1532 1134 adversius
1582 1074 1932 1132 haereticam
1975 1076 2184 1149 pravi·

548 1148 740 1211 tatem
784 1154 1155 1209 auctoritate
1207 1149 1557 1226 Apostolica
1597 1151 1906 1225 deputatis
1933 1196 1950 1222 ‚
1994 1161 2066 1209 ut
2107 1150 2190 1209 ad

548 1228 840 1303 iteratum
864 1272 880 1299 ,
907 1248 977 1285 ac
1002 1230 1346 1301 rigon-osum
1377 1246 1626 1285 examen
1663 1237 2025 1286 revocarent
2051 1238 2194 1286 tum

547 1303 749 1379 ipsum
790 1324 943 1377 opus
978 1303 1211 1363 Gallice
1240 1304 1472 1363 editum
1495 1344 1510 1373 ,
1554 1312 1684 1361 tum
1715 1306 1912 1379 'ipsius
1959 1306 2192 1363 versio·

546 1398 691 1439 nem
734 1381 798 1438 in
828 1382 1123 1455 Linguam
1154 1380 1466 1449 Italicam,
1501 1381 1738 1438 etiamsi
1774 1380 2050 1439 dubitari
2077 1402 2186 1439 ne-

592 1467 770 1527 ueat,
816 1458 965 1533 quin
1012 1460 1183 1533 Opus
1225 1476 1350 1515 uno
1391 1455 1598 1533 aliquo
1643 1456 1934 1518 idiomate
1969 1458 2186 1533 primi-

545 1542 649 1591 tus
700 1532 977 1601 editum,
1022 1544 1208 1609 atque
1261 1536 1344 1591 ita
1391 1534 1844 1609 proscriptum,
1888 1552 2186 1609 quacum·

545 1628 669 1685 que
706 1607 826 1668 alia
854 1611 1081 1684 Lingua
1104 1608 1498 1683 postmodum
1531 1609 1804 1669 exhiberi
1829 1612 2186 1685 contingat,

545 1685 760 1755 eadem
794 1688 1240 1761 proscriptione
1279 1697 1559 1745 notatum
1599 1686 2016 1761 intelligatur,
2049 1698 2189 1747 tum

544 1760 796 1822 demum
828 1760 1270 1821 Collectionem
1287 1761 1456 1821 illam
1487 1764 1996 1823 Dissertationum
2025 1767 2187 1840 Ope·

543 1837 603 1895 ri
650 1837 1064 1912 adjectarum,
1104 1849 1165 1897 et
1209 1837 1570 1914 Apologiam
1609 1838 1836 1900 Italicae
1864 1842 2186 1915 «versioni,

542 1923 617 1969 ut
660 1914 988 1985 praefertur
1029 1915 1391 1991 subjectam.
1461 1920 1542 1974 Ut
1603 1917 1810 1992 itaque
1877 1916 2189 1977 mandatis

539 1989 777 2046 Nostris
816 1988 991 2049 fieret
1014 1992 1198 2060 satist,
1237 1992 1750 2051 convenientibus
1783 1992 2054 2068 primum
2089 1995 2186 2052 in-

540 2071 641 2119 ter
678 2082 743 2121 se
778 2061 1101 2137 Theologis
1142 2066 1220 2124 ad
1259 2086 1494 2125 novum
1538 2088 1788 2127 examen
1829 2069 2186 2145 deputatis,

538 2138 739 2212 iisque
776 2139 840 2197 in
880 2136 1164 2217 pluribus
1201 2144 1576 2203 sessionibus
1603 2164 1671 2203 ea
1713 2144 1790 2202 de
1827 2164 1892 2203 re
1921 2144 2182 2219 habitis,

538 2233 675 2285 rem
714 2234 962 2273 omnem
1002 2213 1324 2290 diligenter
1366 2220 1784 2281 scrutantibus
1806 2266 1821 2293 ‚
1857 2228 1918 2278 et
1943 2222 2182 2295 ponde.-

539 2291 857 2359 rantibus‘‚
888 2310 1149 2367 suasque
1175 2298 1510 2355 sententias
1531 2338 1549 2362 ,
1578 2307 1640 2354 et
1658 2297 1914 2371 scripto,
1941 2306 2004 2354 et
2029 2317 2184 2358 voce

538 2366 995 2441 pandentibuS,
1040 2370 1241 2429 visum
1281 2382 1405 2443 est,
1447 2375 2013 2447 opuspraefatum,
2051 2376 2184 2434 sive

542 2442 782 2505 Gallico
800 2490 817 2514 ‚
850 2447 977 2503 sive
1015 2444 1231 2505 Italico
1253 2491 1268 2518 ‚
1295 2449 1425 2509 sive
1451 2446 1574 2507 alio
1601 2468 1992 2525 quocumque
2018 2452 2182 2509 Idio-

456 2584 462 2589 ,
536 2532 706 2580 mate
760 2523 1212 2597 conscriptum,
1255 2522 1664 2596 translatum,
1705 2536 1900 2601 atque
1943 2525 2182 2587 editum

537 2598 667 2655 una
706 2616 845 2656 cnm
886 2598 1191 2671 praedictis
1225 2600 1764 2661 Dissentationibus
1793 2614 1856 2661 et
1883 2602 2182 2679 Apologia

537 2670 997 2759 prohibendum
1035 2694 1162 2733 esse
1204 2684 1498 2751 tanquam
1535 2676 1860 2738 continens
1897 2699 2014 2753 pro
2061 2682 2178 2739 osi·

537 2755 739 2808 tiones
777 2751 1115 2822 respective
1172 2751 1384 2826 falsas»,
1419 2756 1810 2821 temerarias,
1855 2776 1996 2813 scan
2047 2755 2180 2815 alo-

534 2840 662 2894 εειε,
709 2824 984 2913 faventes
1045 2826 1308 2901 haeresi‚'
1339 2841 1524 2905 atque
1563 2830 1780 2891 hoeresi
1821 2832 2179 2906 proximas·‚

534 2916 970 2975 communique
1002 2913 1065 2961 et
1106 2908 1383 2965 unanimi
1417 2908 1782 2967 Sanctorum
1817 2914 2081 2967 Patrum
2116 2921 2182 2971 et

530 2971 811 3061 {Ecclesiae
856 2982 1180 3065 consensui
1220 2982 1683 3051 imDivinarum
1713 2983 2180 3059 seripturarum

530 3058 1046 3125 interpretatione
1090 3056 1346 3117 minime
1377 3071 1805 3135 congruentes.
1837 3066 2002 3121 Post.
2029 3062 2176 3121 cen-

532 3144 739 3187 suram
782 3126 1268 3205 Theologorum,
1323 3147 1394 3194 ut
1447 3158 1671 3213 supra,
1727 3138 2204 3211 deputatorum·

530 3198 736 3277 delata
777 3222 877 3259 res
918 3215 1009 3263 est
1058 3207 1137 3267 ad
1182 3212 1684 3275 secundodictam
1734 3217 2171 3289 Congregatio-

529 3296 673 3335 nem
700 3279 1093 3341 Generalium
1132 3289 1576 3362 Inquisitorum
1597 3336 1612 3363 ‚
1651 3302 1714 3351 et
1738 3311 1948 3349 coram
1983 3290 2180 3350 Nobis

528 3348 813 3419 habitam
832 3356 933 3421 die
957 3380 1114 3423 xxix.
1150 3366 1298 3442 Dee.
1343 3363 1532 3444 elapsi
1557 3369 1726 3431 Anni
1755 3371 2174 3435 MDCCLVII.
