2384 3992
569 122 698 190 354
822 161 848 184 .
1168 122 1601 186 Appwmx

563 238 761 286 cmnte
795 225 1257 304 Evangeliomm
1294 226 1466 301 liber‚
1502 227 1639 304 cap'
1672 225 1685 240 ⁹
1722 243 1795 282 ue
1831 245 2055 284 manus
2090 228 2221 285 ‘im-1

550 316 890 382 ponuntur,
921 303 1060 360 inde
1077 315 1288 378 caput,
1322 323 1652 381 manusque
1706 305 1721 326 '
1786 322 1847 359 m
1869 302 2209 362 Chr-ismae

561 383 935 458 inwzguntur
970 425 989 453 ,
1038 379 1333 454 Pontifice
1388 380 1609 435 intem
1658 397 1888 454 semper
1927 379 2197 439 sedente.

559 457 844 514 Similiter
875 458 930 513 si
957 455 1173 512 electus
1212 453 1496 531 Pontifex
1532 453 2006 531 Subdiaconatu‚
2036 457 2199 512 Dia·

559 545 778 590 conatu
796 574 818 600 ,
843 543 950 590 aut
969 529 1383 608 Presbyteratu
1403 540 1555 587 esset
1574 531 1692 587 ins'
1728 531 1983 588 niendus
2001 577 2019 604 ,
2045 533 2201 608 Epi·

558 629 770 686 scopus
811 609 1144 667 cardinalis
1177 606 1646 664 Subdiaconatus
1734 606 1963 664 rdinem
1992 609 2051 664 ei
2072 609 2193 666 coc-

556 685 788 742 laturus
816 685 1060 744 Sedenti
1081 681 1337 742 calicem
1356 703 1621 745 vacuum
1660 703 1803 742 cum
1826 694 2052 760 patena
2072 729 2089 758 ‚
2124 694 2193 744 et

555 760 836 821 urceolos
876 781 1019 820 cum
1049 761 1199 822 vino
1219 805 1236 831 ,
1275 770 1339 819 et
1362 779 1519 834 aqua
1537 803 1553 832 ,
1582 759 1799 818 bucule
1816 802 1831 830 ‚
1871 772 1934 819 et
1960 780 2193 822 manu-

555 839 824 914 tergium
856 881 876 912 ,
940 837 1265 914 librumque
1338 835 2062 968 Epistolarum'dpomg‘it.
2110 833 2193 893 In
2276 899 2285 906 ,

555 915 864 970 collatione
904 913 1282 970 Diaconatus
1332 909 1663 971 cardinalis
1693 931 1727 967 ο
1798 913 1976 970 inans
2017 923 2189 970 stans

557 990 873 1065 Pontifici-3
905 988 1159 1045 sedentis
1186 987 1368 1062 capiti
1401 1007 1649 1043 manum
1680 988 1981 1064 imponens
2010 988 2191 1045 dicit.-
2255 993 2263 998 '

553 1067 780 1142 Accipe
812 1066 1102 1142 Spiritum
1138 1067 1431 1122 Sanctum
1465 1083 1483 1138 3
1513 1062 1851 1142 sedentiqM
1898 1065 2190 1140 Pontifici

551 1153 725 1218 aptat
751 1150 1112 1218 paramenta
1129 1181 1148 1210 ‚
1185 1149 1245 1195 et
1281 1139 1529 1216 porrigit
1564 1138 1777 1196 librum
1822 1141 2181 1220 Evangelio-

551 1235 707 1275 rum.
759 1216 1021 1274 Tandem
1085 1217 1152 1271 in
1220 1214 1526 1272 collatum
1583 1214 1904 1273 sacerdotia·
1969 1218 2184 1278 sedens

551 1291 839 1370 ,Pontifex
861 1311 1154 1349 manuum
1172 1291 1614 1366 impositionem
1638 1291 1769 1348 Olea·
1784 1293 1998 1368 sancti,
2020 1295 2185 1384 quod

556 1365 1126 1425 Catechumenorum
1179 1365 1397 1423 dicitur
1423 1411 1441 1439 ‚
1497 1368 1831 1423 unctionem
1856 1413 1873 1441 ‚
1932 1376 2183 1430 calzcem

551 1462 698 1500 curn
742 1445 885 1501 vino
931 1455 992 1500 et
1027 1463 1192 1522 aqua
1210 1485 1229 1513 ‚
1264 1439 1443 1519 atque
1474 1453 1769 1518 patenam
1806 1464 1945 1500 cum
1980 1445 2181 1504 hostia

547 1522 771 1595 recipit.
813 1520 966 1596 Quoe
1007 1520 1211 1576 omnia
1254 1518 1580 1575 luculenter
1616 1519 1931 1576 ostendunt
1948 1565 1966 1590 ‚
2009 1521 2185 1580 haud

505 1614 512 1626 ·
547 1593 960 1666 inconveniens
996 1615 1120 1651 esse
1141 1640 1157 1667 ‚
1205 1591 1401 1650 sedem
1436 1594 1793 1668 Pontificem
1819 1597 1883 1650 in
1902 1595 2179 1673 functio.

548 1669 724 1730 nibus
763 1672 1174 1729 sacratissimis
1191 1713 1209 1742 ‚
1241 1680 1417 1746 atque
1444 1689 1513 1726 eo
1552 1671 1675 1752 ipso
1705 1672 1969 1728 Missam
1990 1685 2177 1732 totam

547 1765 591 1801 a
631 1747 865 1804 sedente
893 1767 1066 1824 posse
1107 1744 1382 1801 cekbrari
1397 1786 1415 1816 ,
1456 1748 1787 1820 prce-sertim
1836 1750 1891 1805 si
1915 1749 2177 1825 pedibus

545 1819 860 1882 debilitatis
895 1825 1155 1882 insistere
1185 1840 1308 1878 non
1344 1821 1569 1880 valeat.
1648 1890 1653 1896 Ι

605 2742 890 2803 XXXV.
918 2745 1121 2823 Atque
1158 2747 1291 2804 koec
1316 2761 1457 2806 sunt
1474 2795 1490 2824 ,
1521 2771 1661 2828 quoe
1681 2754 1745 2808 in
1764 2751 1880 2809 kae
1910 2755 2162 2829 epistola

528 2820 874 2893 exponenda
961 2821 1241 2880 duximus
1282 2869 1299 2898 ‚
1370 2847 1679 2905 eorumque
1759 2829 2165 2907 disquisitioni

513 2896 900 2968 proponenda
916 2942 931 2968 ‚
973 2919 1222 2974 quorum
1250 2902 1495 2959 consilia
1523 2913 1892 2979 expectamus
1908 2951 1924 2978 ‚
1949 2909 2159 2981 prius-

523 2987 709 3044 quam
727 3015 742 3042 ,
769 2971 920 3048 quid
942 2975 1241 3050 agendum
1260 3021 1275 3048 ‚
1302 2977 1706 3038 decernamus.
1741 2982 1828 3039 Et
1844 2984 1897 3037 si
1911 2983 2161 3064 quidem

523 3043 788 3100 sedentes
815 3049 1078 3104 Missam
1109 3049 1392 3109 celebrare
1411 3065 1743 3113 statuamus
1760 3101 1777 3132 ,
1810 3068 1983 3113 tuum
2007 3060 2117 3114 erit
2134 3101 2157 3131 ,

509 3136 852 3194 praeparare
883 3121 1152 3179 mensam
1168 3124 1400 3187 Altaris
1417 3151 1553 3186 cum
1568 3144 1898 3189 consecrato
1914 3133 2113 3210 lapide
2136 3179 2157 3209 ‚

522 3195 782 3271 imagine
847 3197 1166 3256 Salvaton's
1220 3206 1379 3260 cruci
1430 3205 1595 3283 affixi
1628 3250 1645 3279 ,
1708 3209 2100 3266 luminaribus
2134 3256 2155 3284 ,

522 3270 771 3348 aliisque
789 3271 876 3328 ad
899 3275 1082 3330 Sacra
1098 3281 1445 3356 peragenda
1460 3285 1803 3340 necessariis
1804 3307 1831 3354 ;
1857 3304 2159 3342 vacuum·

522 3365 636 3425 que
696 3345 898 3408 subtus
941 3350 1153 3410 Altare
1212 3359 1471 3431 spatium
1538 3359 1897 3438 relinquetur
1952 3372 2175 3419 exten--
