2384 3992
839 126 1192 194 ALTERA.
1708 127 1849 215 509·

204 229 263 287 la
315 228 504 306 lunga
569 235 910 308 esperienza
961 235 1123 310 degli
1167 233 1341 294 affari
1379 275 1396 304 ,
1460 254 1493 293 e
1550 233 1663 294 che
1722 233 1829 294 ab·

201 305 392 364 hiano
434 330 516 366 un
563 309 846 383 bastone,
895 333 930 369 a
969 316 1068 370 cui
1103 315 1154 370 si
1187 329 1445 386 possano
1470 311 1829 387 appoggiare

222 389 259 448 Ξ
318 383 590 440 Baculus
606 430 622 459 ‚
663 388 860 462 inquit‘
878 386 1303 444 Chrisostomns
1322 431 1337 459 ,
1356 389 1664 442 senectutis·
1698 405 1824 442 sus·-

201 460 443 514 tentatio
499 470 609 517 est.
670 463 1035 538 Quapropter
1083 461 1329 520 dixerim
1350 507 1371 533 .‚
1421 482 1486 516 eo
1538 471 1826 535 spectasse

201 532 603 606 Salomonem,
655 548 722 592 uc
763 537 857 594 his
914 537 1103 594 verbis
1142 537 1394 594 suadeat
1419 582 1436 608 ‚
1482 537 1821 612 sapientiae,

200 609 308 662 vel
329 610 671 683 pru-dentice
693 615 950 688 proprioe
984 633 1104 668 non
1153 615 1348 670 inniti.
1382 613 1583 684 Nam,
1630 612 1685 666 εἰ
1722 614 1827 687 qut

189 696 434 756 possent
459 688 607 741 certo
617 691 868 766 propriis
897 685 1151 744 consiliis
1175 701 1234 744 et
1248 689 1586 765 prudentiae
1593 685 1785 760 fidere
1806 731 1823 757 ‚

197 762 454 816 maxime
485 781 651 818 senes
675 807 694 836 ,
736 774 794 818 et
819 764 1134 840 grandaevi
1158 809 1176 837 ‚
1211 775 1443 840 propter
1470 764 1819 838 experimen-

195 845 327 890 tum
353 882 368 908 ‚
411 848 470 892 et
503 859 706 894 canos.
735 839 851 895 Ait
897 859 1026 916 ergo
1063 866 1080 897 :
1121 861 1194 895 ne
1222 839 1595 915 pmclentioe,
1648 840 1837 916 quasi·
1892 898 1897 902 ,

194 909 406 968 baculo
431 959 450 986 ,
488 916 760 970 innitaris
804 938 821 969 .·
858 915 925 970 id
962 927 1049 971 est
1074 961 1091 987 ‚
1125 917 1358 972 etiamsi
1403 915 1489 971 ad
1528 920 1841 970 senectam·

179 990 548 1060 perveneris,
583 1011 719 1045 eam
747 1011 892 1066 opu-s
924 1003 1009 1048 est
1032 991 1275 1064 bac-ule,
1307 1012 1378 1047 ne
1410 1002 1548 1046 teme
1581 990 1819 1066 quidem

192 1071 302 1117 tna
321 1063 646 1139 prudentia
688 1067 864 1142 quasi
907 1067 1112 1122 baculo
1149 1071 1332 1124 utari-s·
1393 1076 1430 1134 Ξ
1497 1065 1710 1142 (Ῑὺίιιάἰ
1744 1067 1813 1139 ὲ,

192 1136 308 1196 che
348 1140 510 1216 dopo
551 1162 695 1202 aver
742 1145 857 1200 Noi
900 1143 1146 1204 dedotte
1185 1147 1246 1202 in
1295 1154 1506 1220 questa
1540 1147 1813 1214 Lettem,

191 1235 304 1289 per
347 1214 560 1289 l‘una‚
607 1229 666 1276 et
697 1217 904 1278 l’altra
937 1229 1111 1294 parte
1152 1219 1211 1278 le
1249 1219 1482 1295 rag'ioni
1522 1219 1635 1278 che
1679 1223 1833 1296 pos-'

191 1311 345 1351 sono
388 1295 662 1353 assistere
704 1315 742 1352 o
784 1293 840 1353 al
877 1297 1228 1371 proseguire
1268 1295 1325 1354 la
1384 1298 1766 1355 Comunione
1796 1337 1811 1363 ,

190 1387 366 1425 come
393 1371 606 1428 .insino
657 1371 733 1429 ad
775 1391 882 1429 ora
917 1374 967 1429 si
1016 1372 1048 1429 ὲ
1092 1370 1249 1430 fatto
1276 1419 1290 1441 ‚
1334 1394 1370 1429 o
1406 1371 1465 1430 al
1502 1371 1812 1430 celebrare

189 1441 249 1501 la
291 1449 484 1518 Messa
526 1447 790 1506 sedendo
821 1493 836 1516 ,
887 1449 1076 1506 siamo
1117 1445 1459 1508 risoluti‘di
1504 1448 1813 1506 confidate

191 1531 403 1595 queste
455 1534 662 1582 nostre
703 1521 928 1583 fatiche
968 1545 1002 1581 a
1047 1531 1177 1600 varj
1226 1525 1457 1581 uomini
1506 1525 1583 1581 da
1620 1524 1811 1596 bene,

189 1618 223 1654 e
265 1595 468 1670 dotti,
525 1620 635 1674 per
689 1599 990 1674 prendere
1045 1598 1595 1674 poi01·isoluzione.
1652 1599 1811 1674 dopo

186 1692 336 1730 aver
373 1675 574 1733 inteso
618 1673 659 1732 il
695 1674 830 1734 loro
867 1675 1180 1749 consiglio.
1214 1675 1262 1733 Il
1311 1672 1604 1733 Cardinal
1648 1678 1811 1734 Enea

183 1746 379 1807 silvio
412 1749 799 1812 Piccolomini
820 1797 835 1821 ‚
861 1751 974 1823 che
1011 1751 1178 1828 dipoi
1204 1797 1219 1822 ‚
1264 1752 1421 1810 fatto
1450 1756 1606 1826 Papa
1638 1772 1812 1827 prese

185 1821 234 1882 il
275 1846 458 1884 nome
510 1828 572 1886 di
625 1830 726 1887 Pio
773 1833 854 1886 11.
907 1825 1066 1886 nella
1109 1849 1219 1886 sua
1280 1826 1519 1886 celebre
1570 1831 1811 1898 Lettera

187 1903 398 1960 scritta
441 1924 475 1960 a
519 1905 782 1962 Martino
823 1909 1034 1976 Mayer
1084 1902 1456 1968 Cancelliere
1484 1901 1806 1964 dell'Arci-

185 1997 448 2037 vescovo
491 1979 552 2037 di
609 1987 896 2056 Magonza
925 2025 942 2052 ‚
996 1999 1029 2038 e
1071 1991 1370 2056 stampata
1424 1979 1517 2040 ne’
1549 1986 1805 2042 Comen-

186 2060 303 2130 tarj
350 2053 489 2112 dell’
523 2056 794 2116 edizione
841 2056 902 2114 di
956 2061 1147 2116 Roma
1194 2056 1289 2117 del
1349 2054 1517 2133 1584.
1586 2078 1809 2134 espone

183 2127 244 2186 la
293 2133 584 2190 necessita
625 2133 736 2190 che
776 2133 855 2191 ha
887 2131 933 2190 il
976 2138 1133 2210 Papa
1173 2135 1239 2192 di
1274 2134 1574 2208 prendere
1613 2137 1807 2194 consi·

184 2204 340 2279 gun,
380 2207 532 2268 colle
568 2209 843 2284 seguenti
887 2210 1097 2282 parole
1138 2231 1155 2267 ε
1195 2213 1376 2284 Papa
1416 2211 1525 2265 etsi
1566 2210 1805 2282 doetus,

181 2293 240 2336 et
267 2285 505 2357 sapiens·
549 2296 671 2357 est,
710 2305 829 2339 non
871 2293 1070 2338 tamen
1099 2295 1224 2339 tam
1266 2284 1438 2339 verbo
1476 2305 1581 2338 suo
1618 2287 1833 2358 sapic—,-

181 2358 366 2433 qua'm
395 2361 634 2415 consilio
667 2359 1100 2430 assistentiam,
1147 2369 1205 2413 ec
1248 2359 1605 2433 deciperetur
1620 2359 1805 2432 forei-

182 2443 288 2488 tan
343 2435 668 2512 aliquando
688 2477 704 2502 ‚
741 2433 858 2488 nisi
899 2443 1164 2488 astarent
1208 2434 1325 2488 viri
1366 2434 1809 2508 sapientesque?

182 2510 372 2565 multa
387 2521 659 2567 noscant.
682 2515 910 2582 Questo
937 2509 970 2564 e
999 2527 1080 2567 un
1107 2508 1339 2583 grando
1360 2509 1806 2567 avvertimento

179 2604 291 2659 per
329 2589 479 2659 Νοί,
529 2587 643 2646 che
668 2605 795 2644 non
834 2587 1026 2643 siamo
1054 2585 1130 2642 ne
1169 2583 1364 2655 dotti,
1408 2584 1483 2642 ne
1512 2583 1804 2658 sapienti,

182 2680 215 2718 e
257 2660 372 2719 che
420 2663 707 2722 abbiamo
749 2659 867 2720 alle
918 2663 1084 2720 mani
1121 2681 1205 2719 un
1242 2659 1466 2732 affare,
1522 2658 1636 2717 che
1681 2679 1807 2743 non

181 2736 214 2793 ὲ
262 2737 450 2797 affare
502 2738 756 2809 d'altri,
805 2758 902 2796 ma
943 2748 1154 2796 nostro
1185 2781 1199 2807 ‚
1247 2735 1322 2794 ed
1374 2738 1436 2794 in
1487 2737 1584 2794 cui
1632 2755 1804 2794 senza

178 2809 226 2869 il
261 2809 424 2872 lume
462 2813 599 2873 dell'
622 2812 1129 2890 a1trui‘eonsiglio
1157 2811 1385 2873 l'amor
1422 2811 1671 2890 proprio
1695 2833 1800 2888 po·
1853 2885 1858 2892 ἡ

179 2888 400 2951 trebbe
439 2889 534 2951 far
584 2888 926 2958 travedere·
