2384 3992
544 130 676 207 404
1130 104 1562 199 APPEJJDIX

544 248 722 385 pegis
769 239 1126 305 Fidelissimi
1172 240 1350 301 nobis
1403 238 1742 315 expositum
1799 236 1918 299 fuit
1948 284 1965 311 ‚
2007 236 2188 303 haud

571 324 707 384 evia
748 320 1002 380 suborta
1040 320 1165 377 sint
1190 317 1722 387 inconvenientia,
1768 326 1830 373 et
1857 314 2088 375 abusus
2115 320 2188 377 iu

546 400 866 461 Provincia
895 442 910 466 ‚
966 415 1073 454 seu
1116 395 1445 471 Provinciis
1485 390 1864 451 clericorum
1918 397 2008 449 Re
2050 392 2186 453 ula·

549 479 711 536 rium
733 474 1045 533 Societatis
1068 476 1206 530 Jesu
1229 516 1245 541 ‚
1283 481 1416 528 tum
1452 465 1832 541 Porlugalliae
1869 479 1932 526 et
1962 475 2012 526 A
2043 490 2184 543 gar-

546 554 850 623 biorum‘,
900 548 1392 607 tum-Indiarum
1448 543 1858 605 Orientalium
1893 553 1956 602 et
1999 548 2184 603 Occi·

548 626 889 688 dentallum
918 623 1312 683 existentibus
1337 622 1610 679 dominio
1637 622 1903 696 ejusdem
1929 622 2185 697 Josephi

548 706 727 781 Regis
752 703 1073 777 subiectis,
1104 700 1179 757 de
1215 698 1441 775 quibus
1477 717 1689 756 omnes
1713 696 1840 755 sere
1865 699 2184 771 nationes,

548 782 970 856 Regionesque
1027 777 1318 834 certiores
1369 774 1561 833 factas
1611 793 1736 833 esse
1797 774 2186 833 existimatur

549 856 804 938 propter
829 874 1087 929 parvum
1132 850 1422 911 volumen
1471 852 1629 924 typis
1673 852 2066 923 impressum,
2116 860 2184 909 et

549 944 685 993 tum
710 931 885 990 nobis
904 975 919 1003 ‚
949 939 1077 987 tum
1102 924 1574 987 'venerabilibus
1595 924 1918 983 Fratribus
1953 927 2188 983 nostris

549 1002 610 1068 S.
639 1014 714 1067 R.
736 1012 804 1065 E.
834 1002 1268 1065 Cardinalibus
1285 1002 1684 1060 distributum
1708 1017 1723 1053 τ
1750 1020 1819 1058 ac
1851 1012 2182 1076 propterea

556 1087 569 1101 ”
645 1104 679 1143 e
715 1082 1011 1157 ‚Iosephus
1050 1085 1175 1138 Rex
1217 1098 1604 1153 summopere
1649 1079 1856 1152 cupiat
1901 1088 1972 1135 ut
2007 1098 2180 1135 scan-

550 1102 691 1219 fflisla
720 1204 736 1231 ‚
788 1179 923 1235 quae
962 1176 1031 1215 ex
1066 1156 1392 1231 praemissis
1425 1155 1709 1229 deinceps
1737 1154 1891 1211 oriri
1925 1163 2188 1227 possunt

552 1237 739 1313 quam
767 1232 1081 1292 celerrime
1125 1232 1429 1289 removeri
1474 1230 1550 1288 de
1591 1230 1998 1303 benignitate,
2039 1250 2182 1305 pro·

552 1310 949 1386 videntiaque
974 1306 1324 1383 Apostolica
1351 1306 1766 1381 dignaremur.
1801 1306 1922 1365 Nos
1947 1310 2053 1380 qui
2077 1310 2182 1363 So·

496 1385 502 1391 ’
554 1390 837 1449 cietatem
869 1384 1189 1460 praefatam
1211 1386 1481 1442 Paternis
1515 1380 1980 1458 complectimur
2003 1380 2184 1439 affec·

554 1463 777 1537 tibus;
828 1462 915 1520 nil
958 1460 1126 1519 aliud
1164 1461 1484 1534 proprium
1521 1500 1550 1525 ‚,
1585 1477 1655 1517 ac
1695 1458 1912 1515 decens
1957 1460 2017 1515 in
2064 1458 2192 1515 hoe

555 1558 767 1599 rerum
791 1546 955 1608 statu
982 1556 1109 1595 esse
1148 1534 1428 1595 ducimus
1447 1576 1459 1599 ‚
1497 1536 1680 1611 quam
1709 1540 1884 1609 iuxta
1906 1531 2186 1593 laudabi-

555 1614 615 1675 le
636 1620 1055 1689 Romanorum
1088 1618 1268 1671 Pont.
1296 1610 1802 1685 Praedecessorum
1831 1622 2198 1669 nostrorum

554 1693 915 1761 institutum
950 1700 1013 1747 et
1042 1680 1588 1759 consuetudinem5
1614 1704 1809 1745 unum
1839 1706 1910 1745 ex
1935 1690 1994 1743 S.
2012 1690 2091 1745 R.
2109 1691 2183 1745 E.

556 1768 822 1844 praefatae
859 1763 1290 1826 Cardinalibus
1339 1763 1668 1838 deputare,
1721 1772 1783 1820 et
1826 1763 2190 1834 nominare,

556 1845 664 1919 qui
695 1844 965 1917 primum
1006 1840 1083 1899 de
1122 1838 1418 1899 omnibus
1447 1849 1508 1899 et
1547 1836 1798 1913 'sing-ulis
1834 1838 2206 1914 huiusmodi

558 1938 637 1976 ne
676 1921 817 1977 otiis
833 1918 1115 1976 accurate
1136 1917 1412 1991 expensis
1436 1912 1780 1989 plenissime
1812 1916 2152 1981 instructus
2169 1961 2190 1989 ‚

558 1938 773 2051 eagem
821 1991 896 2049 ad
942 1997 1061 2050 Nos
1108 1991 1329 2050 deinde
1373 1990 1597 2049 referat
1624 2034 1639 2062 ‚
1681 1992 2075 2069 aperiatque2
2115 2002 2190 2051 ut

553 2076 769 2144 p‘ostea
826 2066 1093 2123 matura'
1114 2066 1622 2124 consideratione·
1645 2066 1916 2124 adhibita
1941 2111 1958 2138 ,
2007 2068 2190 2141 quid-

559 2142 709 2221 quid
754 2140 1152 2199 statuendum
1194 2142 1274 2197 sit
1305 2184 1321 2208 ‚
1363 2136 1712 2215 opportune
1739 2184 1752 2206 ‚
1813 2153 1876 2219 et
1908 2142 2194 2203 saluber·

558 2218 715 2279 rime
746 2217 1167 2275 decernamus.
1201 2221 1373 2273 Motu
1411 2220 1492 2275 ita
1545 2220 1895 2293 ue'proprio
1921 2263 1937 2291 ‚
1990 2234 2063 2277 a'c
2107 2240 2188 2278 ex

560 2304 729 2355 certa
750 2292 1003 2351 scientia
1033 2337 1049 2361 ‚
1074 2302 1137 2350 et
1166 2300 1414 2351 matura·
1435 2292 1474 2351 d
1541 2293 1911 2363 ibera-tione,
1949 2298 2188 2354 Nostrae

560 2372 760 2447 deque
796 2368 1169 2445 Apostolicae
1225 2372 1543 2443 potestatis
1599 2369 1986 2445 plenitudine
2043 2373 2190 2431 Cir-

560 2447 1076 2521 cumspectionem
1109 2455 1281 2505 tuam·
1307 2488 1324 2516 ,
1372 2445 1449 2504 de
1489 2451 1664 2521 cuius
1703 2446 1998 2520 singulari
2031 2446 2188 2522 fide,

558 2521 889 2599 prudentia
912 2566 928 2590 ‚
972 2522 1322 2595 integritate
1343 2566 1360 2593 ‚
1393 2520 1710 2596 vigilantia
1732 2566 1747 2590 ‚
1773 2533 1838 2580 et
1861 2520 2194 2597 Religionis

455 2608 461 2613 '
563 2598 713 2661 zelo
750 2598 1087 2673 pluri-mum
1124 2600 1185 2654 in
1229 2599 1490 2655 Domino
1531 2596 1898 2656 confidimus
1926 2640 1943 2671 ‚
1981 2600 2048 2657 in
2084 2604 2191 2660 Vi-

562 2676 875 2733 sitatorem
920 2671 1370 2747 Apostolicum,
1418 2694 1488 2732 ac
1520 2674 2014 2733 Reformatorem
2051 2674 2194 2737 Cle·

561 2752 833 2808 ricorum
869 2747 1266 2823 Regularium
1301 2751 1616 2809 societatis
1649 2756 1805 2809 Jesu‘
1829 2751 1892 2807 in
1917 2754 2196 2828 Regius,

560 2824 899 2881 ditionibus
940 2866 953 2892 ,
1009 2836 1071 2883 et
1105 2824 1438 2884 Provinciis
1479 2828 1662 2883 etiam
1700 2825 2020 2898 ‚Indiarum
2063 2848 2194 2887 me-

559 2908 805 2955 morato
858 2900 1121 2973 Josepho
1168 2903 1332 2975 *Regi
1391 2902 1682 2976 subiectis
1739 2902 2136 2980 existentium
2178 2951 2196 2977 ,

560 2983 779 3031 tenore
824 2978 1219 3046 praesentium
1247 2978 1700 3039 .constituimus
1731 3018 1748 3050 ,
1811 2988 1902 3035 et·
1933 2977 2201 3053 deputa-

560 3064 699 3107 mus
730 3086 745 3135 3
808 3066 879 3105 ae
933 3051 1472 3126 circumspectioni
1534 3063 1654 3112 tuae
1713 3062 1786 3111 ut
1847 3063 2001 3113 cum'
2047 3056 2198 3115 assi·

562 3124 1009 3209 atentia-unius
1035 3166 1052 3194 ‚
1100 3145 1206 3183 seu
1243 3126 1948 3204 pluriumpersonarum
1998 3131 2066 3187 in
2095 3151 2196 3191 ee-

561 3195 890 3257 clesiastica
918 3196 1220 3273 dignitate
1251 3204 1726 3279 constitutarum
1751 3246 1766 3272 ,
1819 3225 1928 3263 seu
1961 3206 2198 3269 secula-

562 3282 677 3341 res,
697 3271 930 3363 fueri-nt
954 3298 989 3362 ,ζ
1018 3294 1124 3333 seu
1163 3278 1576 3353 Regularium·
1601 3284 1872 3358 cujusvis
1909 3280 2150 3345 ordinis
2181 3328 2204 3357 ,

564 3368 672 3411 seu
721 3358 1063 3420 instantia
1090 3352 1234 3425 sede
1265 3354 1614 3433 apostolica
1643 3356 1972 3437 approbati
1997 3378 2036 3419 a
2076 3362 2202 3435 Te,
