2384 3992
604 166 733 254 596
1186 164 1605 233 Appssumx

606 291 757 333 num
794 265 1141 329 Concilium
1174 270 1394 331 Suudae
1427 266 1888 346 promulgatum
1917 286 2050 329 non
2083 276 2252 346 esee}

604 358 739 409 tum
772 346 867 405 fac
894 348 1053 422 ipse,
1093 356 1165 405 ut
1205 346 1362 407 bene
1395 346 1732 423 percipiat3
1769 345 1972 423 quod,
2005 349 2062 407 si
2090 369 2256 413 onus

604 423 907 500 ejusmodi
940 434 1250 497 repetere,
1278 444 1348 481 ac
1393 423 1675 489 derivare
1719 422 1876 481 nolit
1906 444 1944 483 a
1982 424 2258 484 Triden-

606 502 723 559 tini
758 498 1019 559 Concilii
1048 498 1213 575 lege,
1249 520 1375 559 non
1407 509 1645 574 potest,
1676 502 1827 575 quin
1858 496 2016 561 illud
2055 500 2256 559 fatea-

604 586 745 647 tur,
783 595 853 635 ac
888 586 1101 634 noscat
1134 575 1252 635 sibi
1303 596 1342 635 a
1377 579 1766 643 Lateranensi
1804 572 2092 637 Concilio
2143 578 2258 635 im-

604 652 901 729 positum.
964 656 1100 710 Post
1148 672 1290 717 uam
1349 651 1500 717 verb
1534 694 1552 723 ‚
1600 653 1710 727 qui
1759 650 1980 709 Sundae
2033 654 2260 719 matri,-

606 729 817 787 monio
861 729 1057 801 juncti
1136 747 1316 800 uere,
1353 726 1432 791 ad
1483 726 1795 787 Dioecesim
1832 736 2010 784 tuam
2049 727 2260 793 redier

606 806 771 868 rint,
815 803 867 861 si
905 806 1286 861 Fraternitas
1325 807 1456 860 Tua
1495 804 1743 877 jusserit
1780 802 1914 859 fieri
1955 810 2094 859 tum
2143 802 2259 871 de,-

608 879 1027 939 nuntiationes
1046 922 1063 950 ,
1100 888 1171 935 ut
1198 888 1438 952 pateat,
1469 898 1620 943 num
1659 879 1830 945 inter,
1859 876 2105 945 eosdem
2134 880 2262 936 im..

606 955 1031 1031 pedimentum
1080 950 1276 1012 ullum
1313 955 1591 1020 intersit,
1649 973 1775 1017 non
1823 964 1953 1024 tam
2001 956 2262 1012 muneri

608 1042 721 1093 tuo
760 1030 1121 1098 satisfacies,
1155 1028 1410 1101 verium,
1453 1030 1538 1086 sic
1580 1029 1850 1103 agendo,
1877 1026 2184 1103 paulatim
2221 1050 2261 1089 e

606 1106 837 1165 medio*
856 1104 1032 1163 tolles
1068 1124 1332 1179 pravum
1374 1100 1815 1162 nonnullorum
1858 1124 2098 1163 morem
2144 1104 2257 1163 ad-

610 1182 797 1241 eundi
840 1181 1134 1245 Sundam,
1176 1191 1250 1238 ut
1290 1182 1688 1239 matrimonio
1719 1177 2134 1255 copulentur,
2172 1180 2261 1239 ob

610 1266 844 1315 metum
872 1252 1308 1314 difficultatum
1334 1300 1352 1326 ,
1375 1256 1440 1313 in
1469 1274 1620 1329 quas
1649 1256 1994 1314 inciderent
2024 1299 2044 1328 ‚
2068 1258 2121 1315 si
2147 1267 2264 1323 tua

610 1333 1003 1467 {ntDioecesi3
1029 1330 1137 1391 ubi
1162 1328 1540 1409 domicilium
1569 1329 1840 1407 habent,
1873 1332 2118 1415 nubere
2147 1352 2258 1401 vo,-

641 1418 894 1473 uissent,

688 1488 1015 1543 Decretum
1043 1486 1208 1543 Sacri
1239 1484 1584 1545 Tridentini
1609 1483 1902 1557 concilii,
1931 1504 2058 1561 quo
2082 1484 2253 1554 clau:

614 1559 853 1621 destina
880 1561 1276 1621 matrimonia
1304 1563 1482 1620 irrita
1509 1581 1578 1620 ac
1605 1559 1778 1621 nulla
1807 1560 2218 1622 declarantur
2235 1608 2253 1635 ,

614 1635 771 1697 illud
814 1638 1009 1712 ipsum
1058 1648 1183 1705 est,
1237 1638 1313 1697 de
1361 1656 1483 1712 quo
1523 1636 1852 1713 plusquam
1892 1637 1970 1697 de
2015 1640 2256 1703 caeteris

614 1710 749 1773 aliis
786 1714 849 1770 in
890 1732 1063 1777 sacro
1110 1710 1218 1774 illo
1259 1724 1570 1775 conventu
1615 1714 2025 1790 disceptatum
2071 1713 2258 1783 fuisse

615 1786 878 1862 legitur,
922 1799 1178 1865 propter
1229 1790 1500 1853 diversas
1553 1794 1802 1871 Pati-um
1855 1792 2194 1852 sententias
2235 1812 2254 1849 ε

614 1864 1139 1937 quemadmodum
1179 1875 1441 1925 testatur
1475 1863 1814 1930 cardinalis
1850 1864 2259 1933 Pallavicinus

612 1939 681 1992 in
725 1940 1013 2005 Historia,
1046 1940 1291 1996 Concilii
1325 1940 1428 1999 lib.
1460 1958 1556 1998 22.
1585 1961 1720 2016 cap.
1747 1940 1808 2015 4.
1857 1953 2046 2017 atque
2087 1942 2258 2001 idem

611 2012 895 2071 referunt
920 2018 983 2071 P.
1018 2019 1284 2077 Joannes
1322 2021 1481 2079 Stoz.
1509 2018 1574 2071 in
1595 2018 1894 2081 succincta
1927 2017 2256 2077 Relatione

612 2085 686 2142 de
718 2089 903 2163 gestis
943 2088 1007 2140 in
1042 2088 1300 2148 Concilio
1350 2091 1513 2152 Trici.
1541 2111 1685 2151 sees.
1711 2090 1899 2166 ᾧτινι.
1933 2090 2033 2165 24.
2059 2090 2117 2168 §.
2157 2113 2250 2158 10,

602 2172 816 2239 punct.
854 2181 906 2218 1.
932 2180 1099 2219 num.
1128 2162 1266 2236 548,
1289 2210 1304 2235 ‚
1347 2170 1642 2227 Ernestus
1679 2167 1962 2235 Salomon
1990 2164 2256 2243 Cypria·

614 2258 734 2299 nus
769 2239 833 2296 in
872 2236 1071 2311 libro,
1110 2240 1208 2297 cui
1254 2240 1470 2303 titulus
1527 2242 1906 2309 Tabuhn'um
1951 2244 2255 2309 Ecclesiae

616 2316 921 2371 Romanoe
957 2315 1164 2370 soeeali
1201 2336 1356 2382 XVI,
1393 2338 1565 2375 num.
1615 2318 1744 2397 159.
1776 2330 1831 2375 et
1876 2338 2040 2373 num.
2075 2314 2206 2377 180.
2229 2365 2250 2391 ‚

616 2401 679 2449 et
720 2393 947 2450 Mutius
980 2388 1264 2467 Calinus,
1319 2394 1661 2467 Jadercnsis
1697 2394 2202 2469 Archiepiscopus
2231 2440 2248 2468 ‚

616 2468 681 2526 in
718 2466 985 2542 Epistola
1025 2466 1147 2530 diei
1183 2489 1272 2527 11.
1312 2470 1673 2537 Novembris
1709 2468 1877 2531 1563.
1916 2470 1995 2529 ad
2031 2471 2249 2529 Cardi-

616 2541 821 2603 nalem
864 2542 1179 2615 Aloysium
1239 2545 1597 2605 Cornelium
1635 2548 2100 2615 camerarium,
2147 2549 2250 2605 cui

619 2619 920 2693 quidquid
962 2620 1026 2677 in
1072 2620 1348 2679 Concilio
1385 2623 1689 2694 eveniret,
1729 2621 1988 2689 feliciter
2027 2622 2247 2681 refere-

616 2692 764 2763 bat,
816 2705 887 2752 ut
929 2714 998 2753 ex
1054 2699 1470 2772 manuscripto
1531 2696 1802 2773 ejusdem
1847 2696 2252 2777 epistolarum

619 2768 846 2825 Codice
888 2780 1080 2843 patet.

696 2842 1112 2903 Dubitabatur
1152 2848 1355 2921 primo
1395 2860 1606 2909 utrum
1647 2849 1912 2913 Ecclesia
1950 2848 2252 2923 abrogare

616 2926 819 3003 poeset
845 2918 1222 2981 clandestina
1254 2927 1533 3000 conjugia
1553 2970 1568 2997 ‚
1601 2936 1930 3001 propterea
1963 2926 2131 3001 quod
2148 2925 2248 2988 le,-

616 3002 865 3065 gitnmus
902 3006 1290 3071 contractus,
1335 3002 1587 3059 materia
1625 3002 1904 3073 insimul,
1945 3022 2016 3060 ac
2051 3002 2252 3062 forma

614 3076 707 3124 est
736 3065 1111 3129 sacramenti
1154 3077 1564 3151 matrimonii3
1620 3088 1836 3137 mutua
1881 3078 2130 3153 nempe,
2173 3098 2246 3137 ac

616 3138 886 3231 {egitifna
926 3166 1254 3235 corpql'um
1293 3151 1580 3223 traditio,
1625 3154 1860 3226 ver-biS,
1897 3170 1968 3213 ac
1995 3153 2247 3212 nutibus

618 3226 973 3303 luterioreng
1009 3227 1207 3294 »animi
1241 3246 1550 3287 assensum
1577 3230 2090 3305 exp1·imentibu3‚
2119 3250 2244 3287 ma-

620 3301 777 3351 teria
800 3339 817 3364 ‚
852 3306 915 3383 et
962 3308 1171 3358 mutua
1221 3298 1582 3379 pa1·iter,'ac
1616 3305 1886 3382 legitima
1919 3326 2248 3381 corporum

535 3396 543 3400 ·
621 3380 992 3446 acceptatio,
1034 3374 1230 3437 forma
1267 3400 1284 3438 ε
1315 3400 1386 3439 ex
1413 3402 1534 3458 quo
1565 3382 1847 3445 nonnulli
1873 3382 2246 3458 arguebant,
