2384 3992
791 81 1243 160 Eunt-Anium.
1295 83 1305 90 ’
1678 91 1793 164 161

165 208 300 258 inus
338 185 658 260 affectibus
687 247 704 272 ,
762 205 984 262 Joanni
1032 202 1349 264 Friderieo
1405 190 1635 262 carolo
1682 207 1809 262 Ar·-
1856 207 2109 274 Auuo‘

163 275 544 352 cbiepiseopo
561 321 581 351 ,
604 288 668 336 et
694 274 953 338 Elector-i
973 325 990 353 ,
1016 301 1088 338 ac
1111 279 1451 340 Adalberto
1468 281 1763 355 Episcopo
1781 319 1801 349 ,
1888 277 2037 346 ¹7⁵7·

161 359 220 408 et
249 353 482 412 Abbati
533 354 875 430 praedietiS,
913 355 1242 433 specialem
1291 357 1549 431 gratiam
1600 355 1803 430 saca-e

161 425 436 488 volentes
470 474 487 502 ,
541 450 882 506 eorumque
945 432 1285 507 singulares
1352 451 1646 506 personas
1676 461 1700 501 ·,
1762 451 1804 491 a

162 503 477 578 quibusvis
526 509 976 582 suspensionis,
1036 519 1100 567 et
1146 507 1495 579 interdicti,
1546 504 1804 582 aliisque

165 578 590 642 Ecclesiasticis
645 586 1014 658 sententiis,
1065 586 1339 644 censuris
1370 629 1386 657 ‚
1439 594 1503 642 et
1555 583 1753 658 poenis
1781 621 1801 654 ,

167 675 199 713 a
233 661 403 732 jure,
445 656 546 717 vel
573 658 654 739 ab
703 659 991 734 homine,
1041 663 1256 736 quavis
1288 661 1608 730 occasione
1636 700 1651 727 ,
1703 655 1803 718 vel

169 751 334 792 causa
387 731 568 800 latis,
620 737 670 792 si
727 736 954 810 quihus
1004 735 1473 812 quomodolibet
1516 733 1807 794 innodati

171 809 465 881 existunt,
505 809 586 869 ad
620 809 906 870 effectum
935 814 1332 887 praeseutium
1364 812 1611 870 tantum
1655 829 1803 868 con·-

173 886 540 960 sequendum
569 930 586 958 ‚
639 886 862 946 harum
901 891 1056 948 serie
1105 887 1529 958 absolventeS‚
1578 897 1641 946 et
1692 885 1803 944 ab:-

173 958 388 1020 solutos
431 962 564 1020 fore
600 974 916 1023 censentes
950 1006 966 1034 ,
1008 963 1360 1042 hujusmodi
1404 961 1801 1038 supplicatio·

173 1035 338 1096 nibus
379 1035 704 1110 inclinati,
757 1041 1170 1100 Concordiam
1213 1039 1564 1115 hujusmodi
1591 1084 1608 1112 ,
1651 1057 1828 1097 cum·

171 1112 462 1185 praedictis
498 1111 784 1173 clausulis
819 1118 882 1174 in
925 1117 1139 1175 eodem
1172 1121 1433 1175 Deci-eto
1470 1116 1763 1189 expressis
1780 1158 1802 1188 ,-

171 1206 402 1262 necnon
464 1195 795 1250 Decretum
838 1191 1190 1267 huiusmodi
1226 1231 1244 1262 ,
1297 1190 1645 1268 Apostolica
1684 1209 1858 1250 au-·-

170 1266 446 1324 ctoritate
473 1310 492 1337 ,
531 1266 888 1325 earumdem
929 1279 1146 1326 tenore
1183 1270 1574 1343 praesentium
1596 1312 1613 1337 ‚
1655 1285 1795 1340 per·

170 1341 344 1414 petuo
399 1342 856 1418 approbamus,
895 1353 960 1401 et
1015 1344 1492 1416 confirmamuS,
1555 1341 1799 1416 illisque

172 1427 511 1492 perpetuae,
563 1428 624 1476 et
666 1416 1040 1480 inviolabilis
1085 1417 1440 1495 Apostolicae
1489 1417 1805 1476 firmitatis

173 1492 352 1552 robur
377 1531 398 1563 ‚
446 1495 576 1553 vim
597 1535 612 1562 ,
657 1504 719 1552 et
754 1491 1090 1553 efficaciam'
1131 1494 1452 1554 ad'icimus
1481 1536 1497 1564 ‚
1534 1512 1605 1550 ac
1632 1495 1797 1555 Con-

173 1569 431 1628 cordiam
470 1568 822 1645 hujnsmodi
845 1613 862 1642 ,
896 1591 1040 1629 cum
1069 1589 1197 1644 prae
1244 1570 1382 1629 ictis
1416 1564 1710 1646 clausulis·
1730 1566 1802 1626 in

173 1645 374 1704 eodem
388 1645 639 1704 decreto
663 1647 954 1722 expressis
974 1690 992 1718 ,
1026 1663 1264 1704 necnon
1293 1651 1621 1703 Decretum
1644 1661 1803 1718 prae-

174 1719 390 1780 dictum
419 1765 437 1792 ‚
463 1720 544 1780 ab
579 1722 725 1796 ipsis
759 1721 1107 1792 modernis,
1133 1731 1198 1779 et
1227 1739 1345 1796 pro
1368 1731 1645 1795 tempore
1674 1721 1797 1778 exi-

172 1796 463 1856 stentibus
495 1797 1064 1872 Arcbiepiscopo‘et
1093 1795 1372 1856 Electore
1410 1795 1795 1870 Mogontia„

174 1891 234 1930 ae
267 1875 570 1950 Episcopo
609 1883 673 1932 et
700 1872 936 1932 abbate
959 1870 1221 1938 Fulden.
1244 1917 1261 1945 ,
1296 1893 1367 1932 ac
1402 1871 1484 1931 ab
1514 1869 1648 1930 aliis
1666 1915 1681 1938 ,
1711 1871 1799 1930 ad

175 1966 310 2022 quos
343 1958 585 2025 spectat
624 1959 689 2008 et
725 1950 1027 2026 pertinet,
1075 1969 1148 2008 ac
1192 1959 1469 2024 spectare
1509 1957 1569 2008 et
1604 1949 1796 2023 perti-

175 2043 308 2084 nere
374 2025 609 2101 poterit
667 2027 733 2084 in
807 2023 1087 2084 futurum
1126 2069 1146 2099 ,
1208 2023 1509 2101 perpetui)
1586 2023 1795 2082 obser·
1820 2025 1849 2038 “

174 2102 328 2174 vari,
370 2119 486 2160 nec
529 2098 620 2159 illi
671 2098 1130 2179 ullmunquam
1179 2111 1461 2178 tempore
1487 2099 1798 2175 „derogari

173 2175 1077 2329 Ροξῗθαῖίῗῗξὲξεῗιῗὲξνὲξιοῲιε
1117 2251 1379 2312 Litteras
1423 2247 1797 2326 Apostolicas
1870 2263 2096 2318 Decret-

175 2343 282 2386 sem
363 2349 397 2386 r
414 2373 432 2403 ,
463 2339 526 2388 et
549 2328 849 2404 perpetuo
873 2327 1106 2389 validas
1121 2339 1184 2386 et
1208 2323 1477 2386 efficaces
1504 2325 1759 2384 existere
1776 2369 1793 2398 ,
1814 2332 2096 2384 cumdem-

177 2412 232 2460 et
281 2423 424 2478 ore,
464 2425 730 2480 suosque
773 2403 1116 2482 plenarios,
1141 2413 1204 2460 et
1243 2404 1515 2474 integros
1545 2399 1797 2458 effectus
1818 2397 2066 2474 κώπῃ

177 2481 398 2554 sortiri,
429 2491 496 2540 et
537 2480 819 2540 obtinere
838 2523 858 2554 ,
884 2490 946 2539 et
987 2481 1076 2538 sic
1103 2477 1182 2536 ab
1212 2475 1500 2542 omnibus
1526 2475 1759 2532 censeri
1777 2495 1793 2510 ·
1818 2468 2099 2515 ⁰⁰¹¹2¹⁸¹⁸²⁵

177 2563 234 2610 et
267 2557 500 2634 imper
531 2557 952 2635 quoscumque
995 2553 1238 2613 Judices
1271 2549 1669 2622 OrdinariOS,
1697 2517 1799 2610 vel

175 2628 514 2707 Delegatos,
555 2635 770 2710 quavis
810 2631 1180 2692 auctoritate
1220 2629 1578 2700 fungentes,
1608 2625 1799 2686 etiam

177 2707 502 2768 Causarum
563 2707 778 2768 Palatii
825 2703 1160 2785 Apostolici
1214 2703 1579 2772 Auditores,
1620 2711 1685 2760 et
1731 2705 1793 2762 S.

175 2783 245 2840 R.
267 2787 337 2842 E.
366 2783 726 2844 cardinales
743 2829 761 2857 ,
782 2787 966 2844 etiam
990 2782 1068 2841 de
1092 2787 1307 2840 Latere
1328 2782 1599 2852 Legatos,
1616 2778 1793 2840 Vice-

175 2855 390 2935 legatos
411 2903 430 2923 .
457 2860 759 2938 dictaeque
791 2858 960 2921 Sedis
985 2856 1253 2917 Nuneios
1271 2896 1291 2928 ,
1312 2854 1573 2932 iudicari
1600 2863 1663 2912 et
1688 2852 1793 2913 de-

174 2934 332 2995 finiri
384 2935 678 3009 debere,'
704 2947 768 2996 et
805 2933 1106 3012 quidquid
1147 2932 1319 2992 secus
1377 2949 1561 3007 super
1616 2927 1714 2988 his
1755 2949 1796 2990 a

173 3031 470 3089 quoquam
509 3013 730 3088 quavis
765 3013 1132 3072 auctoritate
1155 3008 1455 3080 scienter,
1494 3001 1595 3066 vel
1615 3006 1794 3094 'igno-

173 3097 377 3148 ranter
417 3089 751 3164 contigerit
791 3085 1119 3158 attentari,
1167 3085 1456 3155 irritum,
1504 3091 1569 3140 et
1610 3099 1799 3140 mane

174 3165 575 3226 decernimus.
613 3169 750 3224 Non
783 3156 1172 3224 obstantibus
1190 3156 1516 3238 ,quibusvis
1552 3155 1795 3216 Consti-

171 3235 508 3302 tutionibus
539 3286 558 3312 ,
601 3250 664 3300 et
705 3238 1217 3300 ordinationibus
1272 3230 1675 3312 Apostolicis,
1723 3249 1799 3290 ae

173 3315 468 3382 dictarum
515 3315 928 3380 Ecclesiarum
962 3305 1799 3444 Moguntin.,Get⁵Fulden·,
