2384 3992
669 166 1138 232 'BULLAmmn
1193 154 1199 164 ’
1664 193 1693 234 1
1711 193 1738 236 ι

140 266 472 350 vilegiomm
503 276 902 352 exemptionis
921 315 940 348 ‚
959 277 1106 352 'quae
1145 275 1466 334 retroactis
1501 284 1739 352 tempo·
1799 286 1848 340 Δ
1874 304 1904 338 ιι
1926 303 1959 338 ιε
1979 304 2011 342 ο

138 351 288 410 ribus
323 349 514 409 eidem
550 354 894 412 Veronensi
945 350 1238 427 Capitulo
1278 359 1559 410 concessa
1610 351 1739 413 fue·
1836 353 1986 422 1756-

137 432 296 502 runt,
331 437 616 487 teneatur
657 428 719 486 in
761 427 1048 487 omnibus
1097 439 1161 488 et
1193 447 1306 503 per
1346 429 1555 487 omnia
1590 447 1735 502 pro·

137 503 325 562 cedere
370 503 448 562 ad
487 503 750 568 formam
790 506 856 563 in
891 505 1108 563 eodem
1147 503 1431 564 Concilio
1480 503 1739 564 'rx-iden..

44 613 47 638 ε
133 581 245 638 tino
272 581 686 656 praescriptam
722 580 870 656 cap.
907 579 969 638 6.
999 579 1284 638 &sm-25.
1321 579 1396 636 de
1422 577 1737 658 Reform„

44 659 46 666 '
133 654 440 719 dummodo
480 667 690 716 tamen
715 653 1094 733 ‘Capitulum
1130 656 1297 716 idem
1333 657 1496 715 infra
1528 659 1737 716 termi-

131 751 260 790 num
291 753 382 790 xx.
417 733 658 792 dierum
676 775 691 804 ,
721 744 1048 812 postquam
1073 735 1471 812 praesentium
1502 730 1737 792 littera·
1781 752 1789 762 ·

130 827 250 866 rum
299 810 660 868 executioni·
698 807 876 869 locus
921 811 1116 870 factus
1174 810 1364 868 fuerit
1393 853 1409 880 ‚
1459 829 1531 867 ac
1594 809 1737 868 sub·
1818 865 1826 873 .

127 884 252 942 inde
297 886 476 944 initio
523 891 843 962 «cujusque
900 886 1291 952 anni,.duos
1326 886 1669 960 Adiunctos
1718 927 1738 956 ,
1826 929 1837 936 -

125 969 290 1034 prout
340 983 374 1019 a
421 961 678 1038 praa-flato
725 961 1004 1026 Concilio
1041 962 1209 1020 dicto
1252 962 1401 1036 Cap.
1428 959 1495 1020 6.
1532 980 1733 1020 exem-

127 1038 230 1110 ptis
255 1036 714 1096 Cathedralium
743 1036 1147 1097 Ecclesiarum
1180 1035 1481 1114 Capitulis
1514 1057 1731 1097 conce-

125 1111 306 1184 ditur,
338 1112 590 1194 elegerit
610 1155 626 1183 ,
657 1124 720 1172 et
737 1116 1034 1190 Episcopo
1063 1115 1520 1189 significaverit.
1550 1115 1737 1188 Quod

127 1190 170 1244 si
195 1189 537 1264 Capitulum
563 1193 916 1266 praescripto
935 1203 1211 1266 tempore
1238 1189 1589 1266 huiusmodi
1624 1191 1728 1250 ad·
1829 1188 1844 1198 ’

125 1269 448 1338 junctorum
506 1265 865 1326 electionem
907 1267 1108 1326 facere
1134 1267 1157 1340 '‚
1202 1277 1267 1325 et
1314 1269 1609 1344 Episcopo
1652 1269 1728 1325 si-

44 1349 46 1412 j
127 1341 385 1414 gnificare
421 1342 789 1420 neglexerim
816 1355 966 1402 tunc
1005 1342 1184 1407 liceat
1210 1341 1407 1402 eidem
1432 1345 1731 1418 Episcopo

125 1417 387 1480 adversus
433 1421 774 1494 Dignitates
823 1429 886 1478 et
937 1421 1319 1496 Canonicos‚
1365 1419 1609 1494 quoties
1647 1423 1735 1476 ita

124 1511 206 1551 res
235 1494 458 1564 ferent,
493 1495 681 1554 etiam
708 1505 878 1554 extra
901 1497 1334 1556 Visitationem
1360 1492 1695 1568 procedere
1714 1540 1730 1566 ,

123 1567 205 1626 ve!
242 1591 345 1645 per
380 1591 446 1630 se
501 1574 712 1646 ipsum
753 1570 950 1630 solum
979 1617 995 1644 ‚
1046 1569 1149 1632 vel
1200 1569 1333 1628 aliis
1386 1569 1691 1645 adjunctis
1715 1615 1731 1640 ‚

123 1646 358 1718 quisibi
405 1649 596 1724 magis
643 1647 1060 1722 videbuntur,
1099 1648 1166 1704 in
1223 1665 1366 1709 eum
1402 1644 1587 1705 finem
1637 1663 1729 1706 as-

123 1726 373 1799 sumptis.

181 1826 229 1909 §2
301 1877 318 1892 .
365 1833 754 1901 cathedralis
811 1827 1353 1898 autem·Eccle'siae
1415 1836 1721 1914 regimen,
1778 1837 2028 1918 thbedr.

123 1852 298 1982 quoag
343 1931 414 1969 ea
442 1956 458 1986 ,
520 1933 655 1988 quae
705 1921 1018 1994 spectant·
1047 1909 1124 1967 ad
1179 1909 1400 1966 Divina
1455 1909 1669 1969 Officia
1702 1955 1719 1982 ‚
1746 1923 1970 1984 ξθέῐωῖὒ
2001 1988 2005 1992 ¹

121 1995 172 2042 et
203 1986 272 2046 ad
312 1987 766 2050 observantiam
806 1985 1238 2057 Eccl-esiasticae
1282 1985 1629 2062 Disciplinae
1656 1990 1720 2044 in
1744 1990 1797 2022 ¹¹¹
1834 1975 2023 2040 q⁰¹b⁰⁸

118 2061 303 2122 eadem
344 2062 642 2136 Ecclesia,
692 2063 770 2122 ad
815 2065 1177 2139 Episcopum
1222 2071 1283 2119 et
1323 2059 1413 2118 ad
1464 2065 1716 2140 Capitu-
1742 2055 2016 2157 ffimssmffc‘

117 2134 228 2196 lum
266 2139 638 2200 cumulative
689 2141 1040 2216 pertineat3
1085 2139 1170 2195 ita
1217 2147 1420 2196 tamen
1466 2149 1539 2196 ut
1578 2141 1715 2218 Epi.-
1740 2189 1859 2222 cum
1888 2123 2016 2226 PCa:

117 2216 262 2289 scopi
315 2217 641 2286 mandata,
680 2227 745 2274 ct
787 2216 1249 2286 ordinationes,
1302 2215 1365 2271 in
1414 2233 1555 2272 casu
1608 2237 1714 2291 op·
1743 2235 1976 2306 pitulo.‘

115 2294 510 2364 positionisaeet
571 2293 1027 2368 discrepantiae,
1085 2293 1338 2352 omnino
1381 2289 1715 2367 praevalere

116 2366 387 2444 debeant,
430 2379 490 2428 et
529 2382 878 2446 promptam
907 2369 1325 2427 executionem
1350 2369 1714 2426 sortiantur.
1787 2429 1791 2434 ,

176 2483 226 2562 S.
273 2505 361 2569 ρο.
397 2484 662 2545 sacrarii
707 2486 856 2546 verb
879 2531 895 2559 ‚
943 2506 1014 2546 ac
1057 2479 1579 2559 Suppellectilium
1602 2526 1617 2552 ‚
1657 2491 1716 2539 et
1740 2499 1798 2550 In
1828 2503 2015 2568 quibus

115 2563 542 2637 Campanarum
569 2607 586 2639 ‚
635 2565 1037 2634 omniumque
1083 2559 1341 2622 aliarum
1384 2575 1591 2616 rerum
1636 2557 1714 2616 ad
1739 2565 1991 2636 Episcopo

113 2636 407 2697 Fabricam
425 2683 440 2709 ,
464 2649 527 2697 et
553 2637 632 2697 ad
657 2636 1037 2698 materialem
1073 2633 1345 2710 ejusdem
1374 2625 1711 2694 cathedra·
1736 2633 1951 2702 privati-

111 2707 172 2769 lis
195 2714 456 2774 Ecclesiae
493 2725 720 2774 statum
746 2733 997 2790 quoquo
1023 2710 1207 2772 modo
1238 2712 1678 2787 pertinentium
1695 2757 1711 2785 ,
1737 2717 1877 2770 vum.

111 2787 534 2851 administratio
589 2802 648 2850 et
677 2791 1056 2866 dispositio,
1111 2788 1189 2846 ad
1244 2784 1444 2850 solum
1482 2798 1714 2865 spectet

111 2867 443 2943 Episcopum
486 2869 588 2926 cui
635 2865 822 2926 etiam
847 2866 1044 2934 ,unice
1069 2865 1327 2942 subjecti
1366 2871 1492 2924 esse
1528 2865 1707 2924 debe·

108 2938 252 2999 hunt
293 2944 586 3016 Sacrista,
632 2954 694 3002 et
736 2941 939 3020 Zaglzi
978 2942 1367 3016 nuncupati,
1419 2962 1531 3000 nec
1582 2961 1711 3000 non

108 3020 546 3094 Campanarum·
593 3018 978 3096 pulsatores»,
1035 3015 1445 3094 ita-omnibus
1489 3029 1552 3077 et
1600 3037 1712 3094 per

104 3097 325 3162 omnia,
371 3107 784 3173 praeterquam
835 3098 918 3154 in'
960 3096 1030 3152 iis
1095 3093 1433 3168 rebus‚2in
1488 3095 1711 3172 quibus

103 3173 249 3242 juxta
271 3173 707 3231 Ordinationes
737 3191 912 3231 anno·
936 3167 1103 3227 1615.
1135 3191 1170 3228 a
1202 3169 1350 3228 bon.
1386 3173 1567 3240 mern.
1592 3173 1709 3229 Au-

104 3249 329 3317 gustino
353 3247 541 3308 Card.
573 3248 816 3310 Valerio
834 3295 849 3322 ‚
869 3260 1018 3308 tunc
1036 3245 1720 3321 Veronensis-Ecclesiae,

101 3321 339 3382 Praesule
359 3369 375 3398 ,
407 3335 469 3382 et
507 3323 586 3382 ab
625 3327 892 3401 ejusdem
936 3321 1211 3384 Ecclesiae
1244 3322 1531 3400 Capitnlo
1564 3344 1706 3381 con·-

99 3400 574 3470 junctimeditas
599 3445 618 3476 ,
657 3403 1076 3486 quaS‚-etiam
1114 3401 1178 3460 in
1230 3401 1545 3538 posterum
1594 3399 1707 3460 hac

1396 3493 1432 3532 2
1614 3515 1621 3520 .
