2384 3992
825 130 1211 216 'ALTERAQ'
1710 153 1835 240 56¹7

274 254 435 316 Sane
491 253 765 314 exhibita
814 255 1003 314 Nobis
1045 275 1245 332 nuper
1299 273 1414 332 pro
1454 267 1633 333 parte
1675 257 1836 320 Dile*

183 341 444 390 ctorum
514 330 814 390 Filiorum
876 331 1318 410 moderno—rum
1381 332 1837 394 Nummulariot·

180 425 337 470 rum
365 451 381 475 ‚
427 426 533 465 seu
578 412 981 481 Campsorum
1028 409 1314 470 Civitatis
1355 412 1585 468 Nostrae
1617 414 1834 482 Ferra-

171 483 409 540 riensis
467 485 686 557 petitio
729 481 1090 541 continebat
1121 527 1138 554 ‚
1198 482 1363 571 quod
1406 482 1555 543 alias
1582 529 1599 553 ‚
1647 483 1837 544 felicis

177 557 643 618 recordationis
666 601 680 626 ,
726 557 1010 617 Clemens
1044 563 1204 634 Papa
1236 561 1401 622 VIII,-
1430 559 1837 632 Praedecessor

175 636 450 705 Noster,
484 645 557 693 ut
591 644 826 704 rectum
851 633 1016 692 illius
1045 636 1331 698 Civitatis
1364 638 1659 710 Regimen
1691 655 1833 694 con·

179 709 483 780 stitueret
507 753 524 782 ‚
564 730 676 786 per
713 729 853 780 suas
902 711 1161 776 Litteras
1200 709 1314 769 sub
1352 709 1604 781 Annulo
1642 712 1834 782 Pisca÷

180 786 348 842 toris
388 784 562 854 datas
590 786 892 843 Ferrariae
922 785 1022 842 die
1059 807 1162 848 xv.
1191 786 1359 846 Junii
1384 787 1551 854 Anni
1582 789 1830 859 Domini

183 863 597 931 MDXCVIII.
649 860 1042 930 Pontificatus
1110 862 1212 930 Sui
1270 866 1455 928 Anno
1517 863 1779 937 septimo
1816 904 1833 933 ‚

183 955 392 994 unum
429 935 772 994 Consilium
801 939 1070 1006 Centum
1096 939 1424 1008 Virorum,
1456 937 1533 995 de
1560 939 1831 998 triennio

181 1011 256 1074 in
307 1011 649 1070 triennium
693 1011 1117 1084 renovandum
1149 1057 1164 1082 ‚
1212 1022 1274 1085 et
1332 1013 1785 1074 immutandum
1814 1045 1837 1088 ·‚

183 1085 549 1160 Apostolica
600 1091 970 1150 auctoritate
997 1133 1014 1160 ,
1095 1087 1211 1146 sub
1254 1090 1435 1146 certis
1490 1090 1715 1162 modu,
1766 1100 1834 1148 et

183 1161 391 1221 forma
433 1174 586 1222 tunc
637 1165 962 1239 expressis,
1015 1164 1315 1238 perpetui>
1357 1165 1586 1236 erexit,
1625 1175 1688 1224 et
1732 1167 1823 1225 in.-

183 1239 442 1316 stituit3
489 1240 815 1315 ipsumque
843 1238 1189 1298 Consilium
1249 1241 1604 1312 universam
1650 1241 1821 1300 Civi-

183 1322 382 1392 tatem
404 1337 432 1387 ,·
467 1317 528 1372 et
563 1317 1084 1374 communitatem
1124 1317 1577 1384 Ferrariensem
1607 1335 1825 1392 reprae÷

183 1400 433 1448 sentare
459 1388 658 1448 voluit
682 1435 698 1460 ‚
739 1402 801 1449 et
826 1391 1042 1449 statuit
1064 1410 1213 1466 :pro
1241 1394 1643 1453 renovatione
1672 1391 1823 1460 vei-'o

183 1461 346 1524 dicti
366 1465 618 1525 Consilii
639 1466 716 1524 de
735 1468 1005 1530 triennio
1037 1467 1108 1524 in‘
1129 1467 1463 1524 triennium
1500 1466 1779 1524 facienda
1802 1511 1819 1538 ,

182 1545 303 1600 hec
337 1562 461 1600 non
511 1554 871 1608 occurrente
917 1540 1379 1618 quomodolibet
1422 1543 1583 1600 infra
1628 1543 1818 1602 trien·.

181 1617 362 1675 nium
393 1616 648 1694 alicujus
667 1616 782 1677 loci
803 1619 1127 1680 vacatione
1147 1662 1164 1688 ‚
1189 1617 1635 1692 vigintiseptem
1656 1620 1819 1674 Com·

180 1690 560 1752 siliariorum
598 1696 791 1770 'primi
832 1694 1082 1754 Ordinis
1121 1691 1482 1751 eleo'tionem'
1502 1737 1517 1764 ‚
1550 1690 1711 1762 Sibi,
1754 1701 1820 1750 et

182 1767 642 1838 successoribus
686 1773 809 1830 suis
845 1771 1136 1842 Romanis
1171 1767 1567 1828 Pontificibus
1599 1786 1817 1842 perpe-

183 1844 298 1904 tuo
349 1848 730 1914 reservavit·
784 1843 1068 1905 Aliorum
1122 1845 1273 1906 verb
1332 1845 1817 1919 Quinquagintae

184 1923 460 1998 quinque
490 1890 749 1983 Secund'i
782 1921 1032 1986 Ordinis
1053 1965 1070 1994 ‚
1113 1924 1357 1998 ipsimet
1386 1917 1667 1988 Concilio
1688 1964 1705 1992 ,
1746 1923 1817 1979 ao

184 1995 566 2072 reliquorum
628 1997 983 2068 octodecim
1039 1995 1547 2071 consiliariorum
1605 2015 1817 2071 respe-

183 2075 346 2132 ctive
379 2073 736 2134 electionem
759 2120 775 2147 ,
810 2095 910 2134 sex
943 2073 1465 2136 Universitatibus
1494 2118 1510 2146 ‚
1553 2083 1626 2132 ut
1654 2072 1816 2132 infra

183 2154 586 2226 nuncupatis,
625 2171 844 2228 nempe
873 2149 1247 2213 Artistarhm
1274 2151 1457 2210 Serici
1475 2191 1491 2219 ‚
1545 2154 1814 2222 Drappee

183 2227 418 2286 riorum
442 2272 459 2300 ,
503 2229 963 2288 Merciariorum
985 2273 1001 2300 ‚
1025 2226 1594 2294 Nummulariorum
1610 2267 1625 2294 ‚
1657 2229 1811 2285 Arov

182 2305 584 2365 matariorum
609 2347 624 2375 ,
655 2323 724 2366 ae
771 2302 1113 2372 Fabrorum
1141 2345 1158 2374 ‚
1193 2311 1256 2358 et
1295 2300 1631 2357 Aul-ificum
1666 2299 1808 2355 insi·
1876 2303 1880 2307 ’

181 2375 310 2437 mul
346 2423 362 2450 ,
418 2378 480 2446 in
525 2386 887 2452 perpetuum
932 2378 1166 2448 pariter
1215 2375 1544 2439 concessit,
1590 2390 1809 2444 oppon

181 2465 486 2525 tunasque
524 2448 945 2525 superaddidit
981 2449 1399 2507 ordinationes
1420 2492 1435 2520 ,
1468 2445 1544 2505 ad
1574 2454 1813 2519 rectum

181 2526 456 2588 Instituti
503 2525 852 2602 hujusmodi
897 2523 1150 2583 Consilii
1213 2523 1632 2582 directionem·
1663 2565 1694 2592 ,.
1740 2541 1811 2579 ae

183 2603 668 2664 moderationem
711 2601 1097 2678 asserendam
1125 2622 1144 2678 ;
1174 2609 1365 2676 prout
1390 2600 1455 2658 in
1479 2597 1660 2655 dictis
1686 2598 1808 2670 Lit-

185 2683 326 2740 teris
378 2677 618 2754 plenius
664 2681 1042 2749 continetur.
1153 2685 1190 2704 ·”
1306 2685 1310 2690 ’
1448 2687 1453 2692 ’

193 2766 206 2778 ·
257 2757 412 2815 Cium
442 2766 647 2832 autem
668 2801 684 2828 ,
707 2756 864 2814 sicut
895 2753 1105 2813 eadem
1123 2751 1341 2827 petitio
1363 2747 1771 2827 subjungebat
1788 2795 1804 2824 ,

190 2834 292 2890 etsi
332 2852 445 2908 pro
469 2830 714 2890 illorum
741 2823 1089 2908 temporum
1124 2828 1483 2899 conditione
1518 2833 1803 2885 nummuss

189 2905 346 2966 laria}
410 2909 838 2982 negotiationis
892 2906 1246 2976 exercitium
1310 2905 1473 2978 inter
1524 2901 1805 2976 praefatas

191 2995 340 3044 artes
390 2987 516 3042 non‘
561 2983 869 3042 immerito
909 2983 1116 3042 forsan
1144 2979 1407 3051 adscribi
1438 3009 1455 3050 ·‚
1484 2988 1560 3066 „et
1595 2997 1803 3036 recen·

189 3061 297 3120 'seri
330 3061 602 3136 potuerit
627 3105 642 3133 ,
684 3057 1084 3126 nihilominus
1123 3055 1803 3132 successivis‘temporiv

189 3136 340 3208 bus,‘
368 3147 428 3196 et
459 3136 840 3214 potissimum
885 3134 998 3206 hac
1037 3143 1247 3192 nostra
1287 3143 1497 3204 astate,
1535 3132 1797 3206 adaucto

187 3212 406 3290 ubique
446 3213 812 3282 commercio
845 3251 859 3278 ,
891 3221 952 3269 et
978 3209 1431 3284 honestioribus
1460 3208 1805 3284 quibusque

189 3290 324 3348 viris
352 3287 648 3367 ejusmodi
685 3288 1035 3360 institutum
1079 3283 1624 3360 amplectentibuS‚
1662 3301 1805 3369 cum

193 3363 374 3442 alibi·,·
426 3375 562 3425 tum
605 3366 939 3442 praesertim
970 3364 1034 3422 in
1077 3361 1243 3421 dicta
1288 3361 1665 3421 Feri-ariensi
1700 3361 1800 3418 Οι-
