2384 3992
602 101 725 176 360
1204 96 1632 214 Arfsfvhtx

1048 301 1352 390 PIUS
1435 303 1613 388 PP.
1707 301 1815 394 V.
1932 385 1938 393 .

952 501 1285 558 DILEcTo
1326 507 1540 564 FILIO
1590 467 1918 580 'NOSTRQ

1047 696 1302 756 PETRO
1344 697 1792 757 FRANCISCO

867 888 1058 950 Tituli
1100 892 1332 950 Sanctae
1377 889 1627 965 Agnetis
1662 888 1728 948 in
1763 864 1973 965 Agone

718 1064 1212 1124 PRESBYTERO
1245 1060 1675 1122 CARDINALI
1707 1061 2116 1134 RERRERIO

1018 1167 1023 1174 “
1232 1167 1584 1235 vocATo.

610 1339 838 1397 Dilecta
872 1339 1000 1397 Fili
1058 1338 1279 1398 Noster
1300 1385 1317 1413 ‚
1366 1340 1634 1396 Salutem
1657 1384 1676 1412 ‚
1721 1349 1784 1396 et
1825 1338 2218 1416 Apostolieam

1168 1415 1678 1475 Benedictismem.

612 1513 899 1649 Exmu
920 1591 1222 1651 virtutum
1249 1587 1412 1647 dona
1430 1632 1442 1656 ,
1464 1585 1691 1663 quihus
1715 1605 2042 1664 personam
2069 1598 2217 1646 tuam

610 1664 853 1726 illarum
890 1659 1143 1742 largitor
1185 1663 1516 1729 illustravit
1556 1662 1907 1748 Altissimus
1937 1707 1952 1734 ‚
1997 1683 2214 1740 prome-

611 1753 830 1801 rentur
863 1787 880 1817 ,
936 1755 1007 1801 ut
1056 1743 1214 1805 votis
1244 1743 1406 1814 tuis,
1451 1742 1788 1816 praesertim
1835 1761 1973 1817 quae
2023 1763 2093 1800 ex
2132 1741 2214 1798 de-

610 1821 877 1878 votionis
903 1817 1145 1880 fervore
1167 1818 1418 1894 prodire
1450 1817 1932 1893 dignoscuntur,
1973 1815 2214 1890 benigno

612 1913 957 1953 annuamus
1020 1895 1266 1954 affectu.
1317 1894 1478 1954 cum
1530 1897 1738 1968 itaque
1773 1937 1790 1964 ‚
1846 1895 2010 1951 sicut
2055 1893 2216 1952 Nobis

609 1989 811 2044 nuper
845 1972 1208 2044 exposuisti,
1246 1979 1315 2028 tu
1363 1970 1514 2032 adeo
1559 1970 1917 2046 frequenter
1951 1969 2213 2043 gravibus

609 2046 702 2101 tui
728 2048 1004 2120 corporis
1039 2045 1610 2120 indispositionibus
1653 2057 1718 2104 et
1758 2046 2096 2121 praesertim
2126 2063 2212 2119 po·

609 2119 794 2194 dagra
823 2165 839 2194 ‚
897 2139 1031 2195 quae
1079 2131 1141 2181 te
1187 2121 1428 2180 assidue
1479 2121 1843 2198 impeditum
1885 2131 2099 2194 tenet,
2141 2119 2209 2178 las

608 2194 831 2255 horare
875 2195 1091 2255 solitus
1141 2199 1218 2256 sis
1251 2243 1268 2270 ,
1323 2207 1394 2256 ut
1433 2199 1682 2274 quando
1723 2198 2070 2258 devotionis
2115 2207 2209 2255 tuae

609 2291 790 2330 cansa
825 2275 1064 2331 Missam
1092 2271 1404 2334 celebrare
1443 2272 1777 2346 desideras,
1807 2276 2098 2350 quoniam
2128 2292 2209 2348 pe·

610 2347 792 2406 dibus
828 2359 989 2408 stare
1041 2369 1165 2408 non
1211 2359 1382 2425 potes
1421 2393 1437 2422 ,
1489 2351 1552 2410 id
1592 2351 1790 2414 facere
1846 2349 2019 2409 nullo
2052 2347 2207 2408 modo

608 2421 857 2500 valeas3
906 2443 1096 2500 quare
1141 2426 1326 2486 Nobis
1369 2425 1690 2487 humiliter
1727 2425 2119 2502 supplicasti,
2155 2433 2210 2481 ut

608 2500 726 2558 tibi
768 2504 831 2559 in
881 2503 1205 2576 praemissis
1246 2503 1596 2578 opportune
1646 2503 1978 2578 providere
2017 2501 2093 2560 de
2127 2499 2207 2558 be·

612 2578 912 2651 nignitate
960 2576 1306 2653 Apostolica
1372 2578 1771 2652 dignaremur
1809 2594 1825 2631 t
1873 2583 1994 2638 Nos
2051 2578 2208 2652 igitur

610 2651 932 2727 specialem
966 2656 1222 2728 gratiam
1254 2653 1367 2713 tibi
1406 2653 1605 2713 facere
1641 2653 1917 2714 volentes
1943 2697 1961 2728 ‚
2014 2655 2128 2712 tuis
2159 2653 2208 2708 in

610 2726 727 2785 hac
775 2739 952 2802 parte
1005 2728 1552 2806 supplicationibus
1614 2728 1938 2802 inclinati,
1978 2732 2207 2788 circum·

598 2804 908 2877 ‹spectioni
958 2815 1111 2877 tuae,
1162 2814 1234 2862 ut
1262 2849 1278 2871 ,
1333 2807 1836 2882 quotiescumque
1895 2804 2209 2865 devotionis

612 2877 808 2952 gratia
840 2880 1078 2939 Missam
1128 2879 1438 2939 celebrare
1467 2879 1769 2954 volueriS‚
1811 2883 1859 2939 si
1905 2903 2036 2941 eam
2062 2879 2208 2956 pedi·

610 2953 728 3012 bus
776 2954 995 3012 stando
1042 2956 1123 3013 ob
1179 2959 1336 3030 ipsas
1385 2956 1878 3034 indispositiones
1919 2955 2210 3017 commode

612 3028 921 3087 celebrare
948 3033 1296 3108 nequiveris
1318 3077 1333 3103 ‚
1372 3031 1539 3091 illam
1559 3033 1826 3092 sedendo
1858 3035 1918 3090 in
1945 3034 2210 3096 oratorio

613 3105 829 3165 domus
870 3115 990 3164 tuae
1018 3147 1039 3172 ,
1084 3125 1187 3165 seu
1227 3108 1521 3184 Cappella
1563 3119 1669 3167 tua
1705 3109 1947 3183 privata
1971 3154 1990 3182 ,
2027 3127 2210 3168 coram

610 3180 1012 3241 familiaribus
1056 3193 1119 3241 et
1187 3182 1531 3243 domesticis
1576 3187 1696 3244 tuis
1746 3184 2100 3255 dumtaxat,
2143 3186 2210 3241 ita

610 3269 681 3318 ut
721 3257 935 3318 exinde
984 3257 1189 3318 nullus
1225 3261 1613 3336 scandalum,
1652 3271 1762 3320 aut
1797 3260 2210 3320 offendiculum

608 3355 823 3414 capere
846 3337 1035 3414 possit
1054 3382 1071 3414 ,
1110 3334 1258 3397 alias
1279 3347 1483 3401 tamen
1512 3334 1630 3402 rite
1654 3335 1966 3398 celebrare
1999 3337 2209 3408 valeas,
