2384 3992
531 132 678 210 ;504
1087 129 1517 197 'APPENDIX

1806 285 1812 318 Ι
1878 325 1889 336 ἡ

634 465 726 522 II.
767 466 1040 538 Malum,
1084 462 1243 542 quod
1282 463 1345 516 in
1390 483 1495 518 suo
1536 475 1733 520 exortu
1778 462 1960 520 levius
2015 460 2187 516 vide-

559 539 762 616 batur,
799 561 1109 617 pmgressu
1139 559 1245 595 suo
1283 552 1691 614 exasperatum
1739 551 1826 594 est
1861 536 2035 608 haud
2064 557 2194 592 me-

559 616 864 687 diocriter;
903 613 1338 692 insequentibus
1364 617 1574 691 quippe
1616 615 1910 672 mensibus
1938 611 2027 668 bis
2062 633 2189 668 mo-

560 693 831 748 rientium
872 693 1089 748 viatico
1131 691 1386 762 muniti,
1428 691 1513 746 bis
1558 703 1877 747 extremum
1918 687 2191 760 inuncti,

559 779 618 824 et
644 767 731 824 bis
743 769 995 844 pariter,
1010 771 1190 840 juxta
1226 771 1631 824 Romanorum
1657 766 2023 840 Pontificum
2046 785 2193 839 pro·

563 843 766 900 batum
782 841 1203 918 moremfidem
1226 863 1432 898 sumus
1448 843 1720 920 professi.
1741 845 1802 900 E
1815 842 2197 918 gravissimis

567 919 724 976 hisce
759 918 1188 975 discriminibus
1230 929 1420 974 erutos
1462 921 1711 976 Domini
1747 918 2076 995 benignitas
2126 917 2199 970 in

567 1015 702 1052 eam
742 1015 848 1052 nos
885 996 1184 1052 constituit
1219 995 1467 1070 corporis
1513 993 1917 1050 habitudinem
1935 1038 1951 1066 ,
1994 991 2197 1069 qualis

567 1091 728 1126 nunc
769 1083 856 1127 est
883 1113 899 1144 ,
936 1091 1190 1148 -quoeque
1236 1071 1635 1146 intelligentiae
1638 1070 2004 1147 facultatem
2038 1067 2199 1124 adeo

543 1142 759 1202 ’Nobis
786 1166 904 1201 non
935 1149 1147 1223 eripuit
1173 1188 1192 1212 ,
1230 1148 1511 1205 minuitve.
1537 1193 1551 1218 ,
1588 1159 1657 1202 ut
1692 1147 1887 1203 divino
1915 1144 2201 1218 beneficio

539 1225 702 1277 *eam
733 1221 796 1276 i'n
834 1223 1349 1300 ipso-augescentis
1383 1222 1566 1278 morbi
1575 1221 1785 1300 furore
1827 1239 2200 1278 conservare-

539 1329 546 1334 ·
567 1317 702 1352 mus
725 1299 1028 1353 immotam
1053 1321 1072 1353 .·
1099 1301 1337 1355 Exteris
1346 1319 1464 1354 non
1487 1300 1704 1371 minus,
1724 1298 1905 1376 quam
1919 1295 2198 1372 pubEca-

571 1393 702 1428 rum
719 1393 908 1428 rerum
917 1367 1122 1430 cusam
1133 1395 1309 1451 geren
1315 1374 1467 1430 tibus
1481 1386 1586 1430 nos
1600 1375 1941 1451 alloquendi
1932 1372 2207 1448 faculta-

572 1459 690 1504 tem
749 1449 1119 1506 concedimus
1155 1491 1174 1515 ,
1232 1461 1553 1526 opportuna
1601 1449 1891 1506 mandata
1946 1447 2207 1526 singulis

543 1525 934 1600 -imponentes
967 1549 984 1578 .·
1017 1526 1383 1582 Inter-sumus
1411 1525 1741 1582 'Consessui
1762 1567 1780 1595 ,
1825 1527 2001 1603 quem
2048 1525 2204 1585 Con-

573 1599 868 1664 sistorium
897 1600 1135 1674 dicunt,
1161 1613 1223 1657 et
1244 1603 1521 1680 S.}Officii
1554 1602 1998 1679 Congregationi
2020 1601 2215 1656 semel

575 1679 638 1730 in
695 1676 1056 1734 hebdomade
1093 1677 1202 1733 sub
1251 1687 1441 1732 nostro
1474 1675 1678 1732 obtutu
1716 1677 1920 1734 haberi
1950 1676 2141 1732 solitoe
2186 1699 2207 1730 .-

574 1752 928 1825 Scrzptorum
965 1753 1233 1810 calamus
1264 1773 1375 1828 pro
1414 1753 1704 1830 exigentia
1722 1797 1739 1824 ‚
1779 1763 1836 1808 et
1872 1772 2029 1808 more
2065 1771 2209 1828 quoe

573 1838 882 1881 occurrunt
929 1830 1262 1884 necessaria
1312 1829 1525 1902 excipit
1567 1851 1586 1882 .·
1626 1829 1925 1885 Basilicas
1972 1847 2208 1904 quoque

537 1937 544 1940 -
573 1902 876 1956 Romanoe
917 1902 1085 1958 Urbis
1119 1905 1427 1960 invisimus
1470 1901 1824 1992 quandoque
1844 1945 1861 1974 ,
1905 1923 2209 1980 nusquam

573 1984 776 2104 ίιῖᾳειηιεεινι
809 1997 851 2031 α
886 1977 1022 2032 sede
1038 1975 1364 2054 ‘gestatoria
1382 2025 1397 2053 ‚
1438 1999 1561 2056 qua
1584 1991 1943 2039 sustinemur
1964 1979 2206 2036 descen-

567 2083 572 2090 ·
649 2068 686 2103 n
747 2069 797 2105 s.

647 2439 775 2497 ΙΙΙ.
821 2439 972 2496 Dies
1015 2453 1140 2498 erat
1181 2439 1281 2501 28.
1326 2441 1582 2499 Octobris
1611 2441 1785 2499 Divis
1832 2443 2104 2514 Simoni,
2158 2453 2215 2497 et

578 2515 756 2573 Judae
790 2515 1091 2592 Apostolis
1123 2535 1331 2591 sacra}
1364 2530 1423 2574 et
1450 2519 1931 2593 Iustinopolitani
1951 2519 2209 2576 Antisti-

578 2593 654 2648 tis
699 2595 1126 2649 consecratione
1167 2595 1457 2650 celebrata
1474 2640 1490 2665 ‚
1535 2612 1607 2649 ex
1659 2600 1782 2670 qua
1838 2595 2033 2652 Sacris
2080 2613 2212 2650 am-

455 2731 468 2738 ,
559 2667 734 2740 ,plius
773 2670 996 2740 operati
1039 2689 1157 2726 non
1195 2691 1402 2726 sumus
1427 2715 1442 2743 ‚
1472 2667 1727 2744 pedibus
1769 2670 1941 2728 nulla
1986 2671 2213 2726 ratione

576 2737 710 2798 Nos
747 2744 1031 2816 sustinete
1075 2745 1439 2815 valentibus;
1486 2744 1692 2800 diebus
1749 2747 1888 2802 vero
1917 2787 1935 2816 ‚
1996 2743 2212 2822 quibus

576 2817 805 2892 alioqui
826 2818 1012 2874 Sacra
1020 2819 1231 2896 facere
1259 2840 1779 2891 consueveramus,
1810 2841 2046 2877 sacram
2080 2821 2209 2876 Eu·

574 2889 921 2948 char-istium
971 2897 1290 2970 recepimus
1342 2895 1609 2952 sedentes
1628 2939 1653 2970 ,
1692 2907 1805 2952 aut
1847 2897 2109 2952 sedentis
2151 2895 2219 2949 in

558 2965 818 3024 ,modum
849 2969 993 3024 lecto
1033 2971 1377 3026 incubantes
1402 3017 1419 3043 ,
1462 2991 1652 3049 neque
1694 2971 1801 3028 sub
1832 2972 1901 3027 id
1922 2969 2217 3047 'temporis

575 3043 839 3099 Missam
897 3063 940 3098 a
995 3045 1183 3102 Nobis
1228 3045 1503 3102 celebrari
1544 3068 1721 3122 posse
1776 3048 2163 3123 sperabamus
2196 3092 2215 3119 ‚

573 3117 737 3194 quod
801 3119 1032 3175 Medici
1089 3141 1252 3196 spem
1318 3121 1506 3178 Nobis
1560 3121 1848 3199 fecissent
1921 3125 2218 3200 mitigatoe

561 3195 800 3260 ¹castatis
849 3193 1102 3268 benefico
1165 3201 1298 3252 aere
1346 3199 1564 3254 omissa
1607 3200 1828 3256 interea
1870 3217 2218 3273 compensa·

575 3278 704 3324 tum
741 3269 834 3326 iri.
884 3271 953 3328 V
940 3269 1106 3326 erum
1150 3271 1334 3329 nihils>
1352 3273 1648 3348 firmiores
1702 3273 1897 3354 effidi
1930 3274 2220 3350 temporis

575 3343 682 3401 illa
719 3345 1124 3404 vicissitudine
1171 3350 1354 3406 etiam
1412 3369 1623 3407 annua
1648 3391 1666 3422 ,
1717 3349 2077 3418 videbamur
2105 3367 2225 3424 per
